Row ID,Order Priority,Discount,Unit Price,Shipping Cost,Customer ID,Customer Name,Ship Mode,Customer Segment,Product Category,Product Sub-Category,Product Container,Product Name,Product Base Margin,Region,State or Province,City,Postal Code,Order Date,Ship Date,Profit,Quantity ordered new,Sales,Order ID
18606,Not Specified,0.01,2.88,0.5,2,Janice Fletcher,Regular Air,Corporate,Office Supplies,Labels,Small Box,Avery 49,0.36,Central,Illinois,Addison,60101,5/28/2012,5/30/2012,1.32,2,5.9,88525
20847,High,0.01,2.84,0.93,3,Bonnie Potter,Express Air,Corporate,Office Supplies,Pens & Art Supplies,Wrap Bag,SANFORD Liquid Accent™ Tank-Style Highlighters,0.54,West,Washington,Anacortes,98221,7/7/2010,7/8/2010,4.56,4,13.01,88522
23086,Not Specified,0.03,6.68,6.15,3,Bonnie Potter,Express Air,Corporate,Office Supplies,Paper,Small Box,Xerox 1968,0.37,West,Washington,Anacortes,98221,7/27/2011,7/28/2011,-47.64,7,49.92,88523
23087,Not Specified,0.01,5.68,3.6,3,Bonnie Potter,Regular Air,Corporate,Office Supplies,"Scissors, Rulers and Trimmers",Small Pack,Acme® Preferred Stainless Steel Scissors,0.56,West,Washington,Anacortes,98221,7/27/2011,7/28/2011,-30.51,7,41.64,88523
23088,Not Specified,0,205.99,2.5,3,Bonnie Potter,Express Air,Corporate,Technology,Telephones and Communication,Small Box,V70,0.59,West,Washington,Anacortes,98221,7/27/2011,7/27/2011,998.2023,8,1446.67,88523
23597,Medium,0.09,55.48,14.3,3,Bonnie Potter,Express Air,Corporate,Office Supplies,Paper,Small Box,Xerox 194,0.37,West,Washington,Anacortes,98221,11/9/2011,11/11/2011,1388.0523,37,2011.67,88524
25549,Low,0.08,120.97,26.3,3,Bonnie Potter,Delivery Truck,Corporate,Technology,Office Machines,Jumbo Drum,Canon S750 Color Inkjet Printer,0.38,West,Washington,Anacortes,98221,7/1/2013,7/8/2013,1001.4453,12,1451.37,88526
20228,Not Specified,0.02,500.98,26,5,Ronnie Proctor,Delivery Truck,Home Office,Furniture,Chairs & Chairmats,Jumbo Drum,Global Troy™ Executive Leather Low-Back Tilter,0.6,West,California,San Gabriel,91776,12/13/2010,12/15/2010,4390.3665,12,6362.85,90193
19483,Low,0.08,6.48,6.81,5,Ronnie Proctor,Regular Air,Home Office,Office Supplies,Paper,Small Box,Xerox 1930,0.36,West,California,San Gabriel,91776,5/12/2012,5/21/2012,-141.26,18,113.25,90197
24782,High,0.01,90.24,0.99,6,Dwight Hwang,Regular Air,Home Office,Office Supplies,Appliances,Small Box,Kensington 6 Outlet MasterPiece® HOMEOFFICE Power Control Center,0.56,West,California,San Jose,95123,5/26/2011,5/26/2011,1045.4673,16,1515.17,90194
24563,Critical,0.07,6.48,6.6,6,Dwight Hwang,Regular Air,Home Office,Office Supplies,Paper,Small Box,Xerox 21,0.37,West,California,San Jose,95123,12/29/2012,12/31/2012,-13.86,4,28.61,90200
24564,Critical,0.01,4.84,0.71,6,Dwight Hwang,Regular Air,Home Office,Office Supplies,Pens & Art Supplies,Wrap Bag,*Staples* Highlighting Markers,0.52,West,California,San Jose,95123,12/29/2012,12/31/2012,57.5805,17,83.45,90200
24565,Critical,0.1,85.99,0.99,6,Dwight Hwang,Regular Air,Home Office,Technology,Telephones and Communication,Wrap Bag,Accessory34,0.55,West,California,San Jose,95123,12/29/2012,12/31/2012,1176.5052,24,1705.08,90200
21866,High,0.05,12.28,4.86,7,Leon Gill,Regular Air,Home Office,Office Supplies,Paper,Small Box,Xerox 1933,0.38,East,Massachusetts,Fall River,2724,10/30/2012,10/31/2012,72.9928,19,232.95,90198
20876,Medium,0.08,140.98,36.09,8,Melanie Garner,Delivery Truck,Home Office,Furniture,Bookcases,Jumbo Box,"Sauder Forest Hills Library, Woodland Oak Finish",0.77,East,New Hampshire,Bedford,3110,12/25/2012,12/26/2012,-158.74,5,705.47,90199
20877,Medium,0.1,286.85,61.76,9,Lorraine Houston,Delivery Truck,Home Office,Furniture,Tables,Jumbo Box,Riverside Furniture Stanwyck Manor Table Series,0.78,East,New Jersey,Camden,8101,12/25/2012,12/27/2012,-346.6151975,8,1794.27,90199
22241,Critical,0.06,15.57,1.39,10,Meredith Norris Thomas,Regular Air,Home Office,Office Supplies,Envelopes,Small Box,Park Ridge™ Embossed Executive Business Envelopes,0.38,East,New Jersey,Pennsauken,8109,10/4/2011,10/5/2011,142.7955,14,206.95,90195
21776,Critical,0.06,9.48,7.29,11,Marcus Dunlap,Regular Air,Home Office,Furniture,Office Furnishings,Small Pack,"DAX Two-Tone Rosewood/Black Document Frame, Desktop, 5 x 7",0.45,East,New Jersey,Roselle,7203,8/15/2010,8/17/2010,-53.8096,22,211.15,90192
23328,High,0.04,10.98,3.37,12,Kara Pace,Regular Air,Home Office,Office Supplies,"Scissors, Rulers and Trimmers",Small Pack,Fiskars® Softgrip Scissors,0.57,East,Rhode Island,Cranston,2907,2/24/2012,2/26/2012,23.12,8,90.39,90196
24844,Medium,0.09,78.69,19.99,14,Gwendolyn F Tyson,Regular Air,Small Business,Furniture,Office Furnishings,Small Box,Howard Miller 12-3/4 Diameter Accuwave DS ™ Wall Clock,0.43,Central,Minnesota,Prior Lake,55372,5/12/2010,5/14/2010,803.4705,16,1164.45,86838
24846,Medium,0.08,3.28,2.31,14,Gwendolyn F Tyson,Regular Air,Small Business,Office Supplies,Pens & Art Supplies,Wrap Bag,Newell 321,0.56,Central,Minnesota,Prior Lake,55372,5/12/2010,5/13/2010,-24.03,7,22.23,86838
24847,Medium,0.05,3.28,4.2,14,Gwendolyn F Tyson,Regular Air,Small Business,Office Supplies,Pens & Art Supplies,Wrap Bag,Newell 351,0.56,Central,Minnesota,Prior Lake,55372,5/12/2010,5/13/2010,-37.03,4,13.99,86838
24848,Medium,0.05,3.58,1.63,14,Gwendolyn F Tyson,Regular Air,Small Business,Office Supplies,Rubber Bands,Wrap Bag,"OIC Colored Binder Clips, Assorted Sizes",0.36,Central,Minnesota,Prior Lake,55372,5/12/2010,5/13/2010,-0.71,4,14.26,86838
24845,Medium,0.01,6.48,7.86,14,Gwendolyn F Tyson,Regular Air,Small Business,Office Supplies,Paper,Small Box,Xerox 213,0.37,Central,Minnesota,Prior Lake,55372,5/12/2013,5/13/2013,-44.54,4,29.55,86845
18181,Critical,0,4.42,4.99,15,Timothy Reese,Regular Air,Small Business,Office Supplies,Envelopes,Small Box,Grip Seal Envelopes,0.38,East,New York,Smithtown,11787,4/8/2010,4/9/2010,-59.82,7,33.47,86837
20925,Medium,0.01,35.94,6.66,15,Timothy Reese,Regular Air,Small Business,Office Supplies,Envelopes,Small Box,"Tyvek ® Top-Opening Peel & Seel ® Envelopes, Gray",0.4,East,New York,Smithtown,11787,5/28/2010,5/28/2010,261.8757,10,379.53,86839
18263,Medium,0.03,1.76,0.7,15,Timothy Reese,Regular Air,Small Business,Office Supplies,Pens & Art Supplies,Wrap Bag,Newell 310,0.56,East,New York,Smithtown,11787,12/4/2011,12/6/2011,-1.17,10,17.39,86840
18554,Medium,0.04,5.98,5.2,15,Timothy Reese,Regular Air,Small Business,Office Supplies,Paper,Small Box,Xerox 1992,0.36,East,New York,Smithtown,11787,4/29/2012,5/1/2012,-24.03,3,19.04,86841
22781,Low,0,7.59,4,15,Timothy Reese,Regular Air,Small Business,Furniture,Office Furnishings,Wrap Bag,"Master Giant Foot® Doorstop, Safety Yellow",0.42,East,New York,Smithtown,11787,1/19/2013,1/21/2013,23.2668,4,33.72,86842
23287,Low,0.07,4.13,6.89,15,Timothy Reese,Regular Air,Small Business,Office Supplies,Labels,Small Box,"Avery 05222 Permanent Self-Adhesive File Folder Labels for Typewriters, on Rolls, White, 250/Roll",0.39,East,New York,Smithtown,11787,1/21/2013,1/23/2013,-174.2696,9,38.18,86843
26267,High,0.04,2.98,1.58,16,Sarah Ramsey,Regular Air,Small Business,Office Supplies,Rubber Bands,Wrap Bag,Staples Gold Paper Clips,0.39,East,New York,Syracuse,13210,2/12/2010,2/15/2010,2.63,6,18.8,86836
26268,High,0.05,115.99,2.5,16,Sarah Ramsey,Regular Air,Small Business,Technology,Telephones and Communication,Small Box,StarTAC 7797,0.55,East,New York,Syracuse,13210,2/12/2010,2/14/2010,652.7331,10,945.99,86836
26266,High,0.08,14.27,7.27,16,Sarah Ramsey,Express Air,Small Business,Office Supplies,Binders and Binder Accessories,Small Box,"GBC Laser Imprintable Binding System Covers, Desert Sand",0.38,East,New York,Syracuse,13210,2/12/2013,2/15/2013,3.4595,3,45.6,86844
19359,Low,0.05,5.85,2.27,17,Florence Hsu Schwarz,Regular Air,Small Business,Office Supplies,Pens & Art Supplies,Wrap Bag,"Dixon My First Ticonderoga Pencil, #2",0.56,West,Montana,Great Falls,59405,4/20/2011,4/24/2011,-6.82,2,12.18,90033
20459,Critical,0.05,7.77,9.23,17,Florence Hsu Schwarz,Express Air,Small Business,Office Supplies,Appliances,Small Box,Hoover Commercial Soft Guard Upright Vacuum And Disposable Filtration Bags,0.58,West,Montana,Great Falls,59405,4/6/2012,4/8/2012,-96.33,4,34.75,90034
23890,High,0.05,26.48,6.93,18,Laurie Hanna,Regular Air,Small Business,Furniture,Office Furnishings,Small Box,DAX Natural Wood-Tone Poster Frame,0.49,West,Montana,Helena,59601,5/15/2010,5/16/2010,314.4813,17,455.77,90031
21763,Critical,0.08,42.98,4.62,18,Laurie Hanna,Express Air,Small Business,Office Supplies,Appliances,Small Box,Belkin F9M820V08 8 Outlet Surge,0.56,West,Montana,Helena,59601,5/15/2012,5/16/2012,446.0781,15,646.49,90035
21764,Critical,0.07,8.04,8.94,18,Laurie Hanna,Express Air,Small Business,Office Supplies,Binders and Binder Accessories,Small Box,"Fellowes Twister Kit, Gray/Clear, 3/pkg",0.4,West,Montana,Helena,59601,5/15/2012,5/15/2012,-117.1045,9,75.85,90035
24062,Not Specified,0.08,5,3.39,18,Laurie Hanna,Regular Air,Small Business,Office Supplies,Rubber Bands,Wrap Bag,Advantus Plastic Paper Clips,0.37,West,Montana,Helena,59601,5/21/2013,5/22/2013,-17.49,13,65.69,90038
20578,Low,0.02,110.98,30,18,Laurie Hanna,Delivery Truck,Small Business,Furniture,Chairs & Chairmats,Jumbo Drum,Office Star Flex Back Scooter Chair with White Frame,0.71,West,Montana,Helena,59601,10/2/2013,10/4/2013,126.31,22,2575.93,90039
20579,Low,0.01,12.53,0.5,18,Laurie Hanna,Regular Air,Small Business,Office Supplies,Labels,Small Box,Avery 485,0.38,West,Montana,Helena,59601,10/2/2013,10/4/2013,152.7867,17,221.43,90039
24063,Not Specified,0.07,12.99,9.44,19,Jim Rodgers,Regular Air,Small Business,Technology,Office Machines,Medium Box,Hewlett Packard 6S Scientific Calculator,0.39,West,Montana,Missoula,59801,5/21/2010,5/23/2010,-114.6399,18,231.79,90032
25082,Not Specified,0.06,64.65,35,20,Marion Nolan Kaplan,Express Air,Small Business,Office Supplies,Storage & Organization,Large Box,Space Solutions Commercial Steel Shelving,0.8,Central,Nebraska,Bellevue,68005,5/31/2012,6/2/2012,-929.68,13,802.21,90036
25083,Not Specified,0,15.23,27.75,20,Marion Nolan Kaplan,Delivery Truck,Small Business,Furniture,Tables,Jumbo Box,Anderson Hickey Conga Table Tops & Accessories,0.76,Central,Nebraska,Bellevue,68005,5/31/2012,6/1/2012,-53.784,1,24.48,90036
25711,Medium,0,30.98,17.08,20,Marion Nolan Kaplan,Regular Air,Small Business,Office Supplies,Paper,Small Box,Xerox 197,0.4,Central,Nebraska,Bellevue,68005,3/7/2013,3/8/2013,-41.82,1,49.61,90037
5890,High,0.05,26.48,6.93,21,Tony Wilkins Winters,Regular Air,Small Business,Furniture,Office Furnishings,Small Box,DAX Natural Wood-Tone Poster Frame,0.49,East,New York,New York City,10012,5/15/2010,5/16/2010,384.38,70,1876.69,41793
6062,Not Specified,0.08,5,3.39,21,Tony Wilkins Winters,Regular Air,Small Business,Office Supplies,Rubber Bands,Wrap Bag,Advantus Plastic Paper Clips,0.37,East,New York,New York City,10012,5/21/2010,5/22/2010,-17.49,58,293.06,42949
6063,Not Specified,0.07,12.99,9.44,21,Tony Wilkins Winters,Regular Air,Small Business,Technology,Office Machines,Medium Box,Hewlett Packard 6S Scientific Calculator,0.39,East,New York,New York City,10012,5/21/2010,5/23/2010,-114.6399,71,914.29,42949
7711,Medium,0,30.98,17.08,21,Tony Wilkins Winters,Regular Air,Small Business,Office Supplies,Paper,Small Box,Xerox 197,0.4,East,New York,New York City,10012,3/7/2011,3/8/2011,-41.82,1,49.61,55269
1359,Low,0.05,5.85,2.27,21,Tony Wilkins Winters,Regular Air,Small Business,Office Supplies,Pens & Art Supplies,Wrap Bag,"Dixon My First Ticonderoga Pencil, #2",0.56,East,New York,New York City,10012,4/20/2011,4/24/2011,-6.82,9,54.79,9895
2459,Critical,0.05,7.77,9.23,21,Tony Wilkins Winters,Express Air,Small Business,Office Supplies,Appliances,Small Box,Hoover Commercial Soft Guard Upright Vacuum And Disposable Filtration Bags,0.58,East,New York,New York City,10012,4/6/2012,4/8/2012,-96.33,18,156.38,17860
3763,Critical,0.08,42.98,4.62,21,Tony Wilkins Winters,Express Air,Small Business,Office Supplies,Appliances,Small Box,Belkin F9M820V08 8 Outlet Surge,0.56,East,New York,New York City,10012,5/15/2012,5/16/2012,461.65,60,2585.97,26887
3764,Critical,0.07,8.04,8.94,21,Tony Wilkins Winters,Express Air,Small Business,Office Supplies,Binders and Binder Accessories,Small Box,"Fellowes Twister Kit, Gray/Clear, 3/pkg",0.4,East,New York,New York City,10012,5/15/2012,5/15/2012,-117.1045,36,303.4,26887
7082,Not Specified,0.06,64.65,35,21,Tony Wilkins Winters,Express Air,Small Business,Office Supplies,Storage & Organization,Large Box,Space Solutions Commercial Steel Shelving,0.8,East,New York,New York City,10012,5/31/2012,6/2/2012,-929.68,50,3085.41,50533
7083,Not Specified,0,15.23,27.75,21,Tony Wilkins Winters,Delivery Truck,Small Business,Furniture,Tables,Jumbo Box,Anderson Hickey Conga Table Tops & Accessories,0.76,East,New York,New York City,10012,5/31/2012,6/1/2012,-53.784,5,122.4,50533
2578,Low,0.02,110.98,30,21,Tony Wilkins Winters,Delivery Truck,Small Business,Furniture,Chairs & Chairmats,Jumbo Drum,Office Star Flex Back Scooter Chair with White Frame,0.71,East,New York,New York City,10012,10/2/2013,10/4/2013,126.31,88,10303.73,18596
2579,Low,0.01,12.53,0.5,21,Tony Wilkins Winters,Regular Air,Small Business,Office Supplies,Labels,Small Box,Avery 485,0.38,East,New York,New York City,10012,10/2/2013,10/4/2013,223.38,67,872.68,18596
19249,High,0.05,14.34,5,23,Lynn Moss,Regular Air,Corporate,Furniture,Office Furnishings,Small Pack,Nu-Dell Leatherette Frames,0.49,West,California,Laguna Hills,92653,11/11/2011,11/12/2011,284.526,36,519.23,87655
19250,High,0,30.98,8.74,23,Lynn Moss,Regular Air,Corporate,Office Supplies,Paper,Small Box,Xerox 1979,0.4,West,California,Laguna Hills,92653,11/11/2011,11/12/2011,859.2639,37,1245.31,87655
18350,Not Specified,0.07,22.84,5.47,23,Lynn Moss,Express Air,Corporate,Office Supplies,Paper,Small Box,Xerox 1929,0.39,West,California,Laguna Hills,92653,9/10/2012,9/13/2012,83.24,7,165.11,87660
18478,Low,0.1,146.05,80.2,23,Lynn Moss,Delivery Truck,Corporate,Furniture,Tables,Jumbo Box,BPI Conference Tables,0.71,West,California,Laguna Hills,92653,11/18/2013,11/25/2013,353.77216,11,1591.71,87669
20631,High,0.06,55.48,14.3,24,Edna Thomas,Regular Air,Corporate,Office Supplies,Paper,Small Box,Xerox 194,0.37,West,California,Laguna Niguel,92677,1/28/2010,1/29/2010,-28.2968,1,67.49,87651
20632,High,0.02,1.68,1.57,24,Edna Thomas,Regular Air,Corporate,Office Supplies,Pens & Art Supplies,Wrap Bag,Newell 323,0.59,West,California,Laguna Niguel,92677,1/28/2010,1/30/2010,-5.3072,1,2.25,87651
20309,Not Specified,0.07,205.99,2.5,24,Edna Thomas,Regular Air,Corporate,Technology,Telephones and Communication,Small Box,V70,0.59,West,California,Laguna Niguel,92677,3/2/2012,3/4/2012,1489.8411,13,2159.19,87656
20625,High,0.06,21.38,8.99,24,Edna Thomas,Regular Air,Corporate,Office Supplies,Pens & Art Supplies,Small Pack,Boston 1730 StandUp Electric Pencil Sharpener,0.59,West,California,Laguna Niguel,92677,12/19/2012,12/20/2012,-23.415,5,105.99,87662
21196,Critical,0.07,11.7,6.96,24,Edna Thomas,Regular Air,Corporate,Office Supplies,Appliances,Medium Box,Harmony HEPA Quiet Air Purifiers,0.5,West,California,Laguna Niguel,92677,1/13/2013,1/14/2013,-88.102,8,89.77,87663
21253,High,0.02,5.98,3.85,25,Virginia Hardison,Regular Air,Corporate,Technology,Computer Peripherals,Small Pack,"Imation 3.5"" IBM-Formatted Diskettes, 10/Pack",0.68,West,California,Lake Elsinore,92530,4/18/2012,4/20/2012,-27.13,1,7.12,87657
21254,High,0.05,5.98,5.2,25,Virginia Hardison,Regular Air,Corporate,Office Supplies,Paper,Small Box,Xerox 1992,0.36,West,California,Lake Elsinore,92530,4/18/2012,4/20/2012,-10.58,1,7.81,87657
21251,Critical,0.06,25.98,5.37,25,Virginia Hardison,Regular Air,Corporate,Office Supplies,Appliances,Medium Box,3M Office Air Cleaner,0.5,West,California,Lake Elsinore,92530,7/2/2013,7/4/2013,86.51776,7,174.54,87666
21252,Critical,0.05,155.06,7.07,25,Virginia Hardison,Regular Air,Corporate,Office Supplies,Storage & Organization,Small Box,"Dual Level, Single-Width Filing Carts",0.59,West,California,Lake Elsinore,92530,7/2/2013,7/4/2013,1268.4891,12,1838.39,87666
22410,Medium,0.08,59.98,3.99,26,Marguerite Kane,Regular Air,Corporate,Office Supplies,Appliances,Small Box,Belkin 8 Outlet SurgeMaster II Gold Surge Protector,0.57,West,California,Lake Forest,92630,6/27/2012,6/29/2012,420.984,11,619.14,87658
22737,Not Specified,0,2.89,0.5,26,Marguerite Kane,Express Air,Corporate,Office Supplies,Labels,Small Box,Avery 498,0.38,West,California,Lake Forest,92630,9/2/2013,9/3/2013,19.4097,7,28.13,87667
21292,High,0.09,3.69,0.5,26,Marguerite Kane,Regular Air,Corporate,Office Supplies,Labels,Small Box,Avery 52,0.38,West,California,Lake Forest,92630,12/11/2013,12/12/2013,37.3704,15,54.16,87670
21293,High,0.06,65.99,8.99,26,Marguerite Kane,Regular Air,Corporate,Technology,Telephones and Communication,Small Box,V 3600 Series,0.58,West,California,Lake Forest,92630,12/11/2013,12/12/2013,-85.606752,3,170.67,87670
23967,Not Specified,0.04,4.14,6.6,27,Guy Gallagher,Regular Air,Corporate,Furniture,Office Furnishings,Small Box,Eldon Image Series Black Desk Accessories,0.49,West,California,Lakewood,90712,11/2/2010,11/4/2010,8.894,12,54.78,87652
23535,Low,0.1,35.44,19.99,27,Guy Gallagher,Regular Air,Corporate,Office Supplies,Paper,Small Box,Xerox 1880,0.38,West,California,Lakewood,90712,7/12/2012,7/14/2012,-47.01,4,142.51,87659
23536,Low,0.06,55.48,14.3,27,Guy Gallagher,Regular Air,Corporate,Office Supplies,Paper,Small Box,Xerox 194,0.37,West,California,Lakewood,90712,7/12/2012,7/17/2012,346.7043,9,502.47,87659
23505,Critical,0,8.09,7.96,27,Guy Gallagher,Express Air,Corporate,Furniture,Office Furnishings,Small Box,"6"" Cubicle Wall Clock, Black",0.49,West,California,Lakewood,90712,10/26/2012,10/26/2012,-171.2664,23,204.57,87661
23506,Critical,0.06,14.2,5.3,27,Guy Gallagher,Regular Air,Corporate,Furniture,Office Furnishings,Wrap Bag,Coloredge Poster Frame,0.46,West,California,Lakewood,90712,10/26/2012,10/28/2012,33.4144,11,161.11,87661
23968,Not Specified,0.01,65.99,8.99,27,Guy Gallagher,Regular Air,Corporate,Technology,Telephones and Communication,Small Box,SC-3160,0.59,West,California,Lakewood,90712,11/2/2013,11/4/2013,847.943712,29,1730.04,87668
24987,High,0.06,2.88,0.7,28,Ronnie McNamara,Regular Air,Corporate,Office Supplies,Pens & Art Supplies,Wrap Bag,Newell 346,0.56,West,California,Lancaster,93534,1/22/2011,1/23/2011,-2.2072,1,3.41,87653
24074,Critical,0.07,225.04,11.79,28,Ronnie McNamara,Regular Air,Corporate,Office Supplies,Appliances,Medium Box,Holmes Harmony HEPA Air Purifier for 17 x 20 Room,0.42,West,California,Lancaster,93534,4/14/2013,4/16/2013,28.81,1,226.03,87665
25324,Not Specified,0.08,65.99,3.9,29,Elizabeth Walker,Regular Air,Corporate,Technology,Telephones and Communication,Small Box,StarTAC Series,0.55,West,California,Lawndale,90260,1/30/2011,2/1/2011,-120.52304,3,164.1,87654
25323,Not Specified,0.08,3.08,0.99,29,Elizabeth Walker,Regular Air,Corporate,Office Supplies,Labels,Small Box,Avery 481,0.37,West,California,Lawndale,90260,1/30/2013,1/31/2013,-1.6864,1,3.85,87664
18877,High,0.01,6.48,6.65,31,Alice Capps,Regular Air,Corporate,Office Supplies,Paper,Small Box,Xerox 1966,0.36,West,Oregon,Eugene,97405,8/11/2012,8/13/2012,-43.3316,15,99.56,89206
23509,High,0.08,34.99,7.73,32,Matthew Berman,Regular Air,Corporate,Office Supplies,Pens & Art Supplies,Small Box,Hunt Boston® Vacuum Mount KS Pencil Sharpener,0.59,West,Oregon,Grants Pass,97526,2/22/2010,2/23/2010,144.69,13,424.68,89199
23612,High,0.01,17.98,8.51,32,Matthew Berman,Regular Air,Corporate,Technology,Office Machines,Medium Box,Canon P1-DHIII Palm Printing Calculator,0.4,West,Oregon,Grants Pass,97526,3/27/2010,3/28/2010,-35.8788,2,40.17,89200
23278,Medium,0.09,125.99,7.69,32,Matthew Berman,Express Air,Corporate,Technology,Telephones and Communication,Small Box,StarTAC 3000,0.59,West,Oregon,Grants Pass,97526,7/20/2010,7/22/2010,209.997,8,783.55,89202
19355,Low,0.06,205.99,8.99,32,Matthew Berman,Regular Air,Corporate,Technology,Telephones and Communication,Small Box,TimeportP7382,0.56,West,Oregon,Grants Pass,97526,9/12/2010,9/19/2010,2568.096,22,3838.14,89203
21213,Critical,0.08,8.95,2.01,32,Matthew Berman,Regular Air,Corporate,Office Supplies,Paper,Wrap Bag,"Recycled Desk Saver Line ""While You Were Out"" Book, 5 1/2"" X 4""",0.39,West,Oregon,Grants Pass,97526,10/6/2011,10/8/2011,85.8636,15,133.07,89204
22221,High,0.06,449.99,49,32,Matthew Berman,Delivery Truck,Corporate,Technology,Copiers and Fax,Jumbo Drum,Canon PC940 Copier,0.38,West,Oregon,Grants Pass,97526,6/12/2013,6/14/2013,345,5,2157.25,89207
23654,Not Specified,0.03,4.24,5.41,33,Ricky Hensley,Regular Air,Corporate,Office Supplies,Binders and Binder Accessories,Small Box,Storex DuraTech Recycled Plastic Frosted Binders,0.35,West,Oregon,Gresham,97030,6/15/2010,6/17/2010,-84.4376,13,58.68,89201
23655,Not Specified,0.04,2.94,0.7,33,Ricky Hensley,Regular Air,Corporate,Office Supplies,Pens & Art Supplies,Wrap Bag,Newell 338,0.58,West,Oregon,Gresham,97030,6/15/2010,6/16/2010,24.312,18,53.1,89201
25327,Medium,0.05,4.82,5.24,33,Ricky Hensley,Regular Air,Corporate,Office Supplies,Binders and Binder Accessories,Small Box,Wilson Jones Turn Tabs Binder Tool for Ring Binders,0.39,West,Oregon,Gresham,97030,1/26/2012,1/27/2012,-75.12168,5,24.27,89205
24531,Critical,0.05,70.98,30,33,Ricky Hensley,Delivery Truck,Corporate,Furniture,Chairs & Chairmats,Jumbo Drum,Novimex High-Tech Fabric Mesh Task Chair,0.78,West,Oregon,Gresham,97030,8/16/2013,8/18/2013,-162.15032,9,640.97,89208
24532,Critical,0.05,4.98,4.7,33,Ricky Hensley,Regular Air,Corporate,Office Supplies,Paper,Small Box,Staples Copy Paper (20Lb. and 84 Bright),0.38,West,Oregon,Gresham,97030,8/16/2013,8/18/2013,-14.99264,9,46.63,89208
25223,Not Specified,0,6783.02,24.49,35,Milton Bland,Regular Air,Small Business,Technology,Office Machines,Large Box,Polycom ViewStation™ ISDN Videoconferencing Unit,0.39,West,Oregon,Gresham,97030,11/27/2012,11/28/2012,2396.87958,3,21366.51,91256
21026,Low,0.07,65.99,3.99,35,Milton Bland,Regular Air,Small Business,Technology,Telephones and Communication,Small Box,StarTAC 7760,0.59,West,Oregon,Gresham,97030,5/28/2013,6/2/2013,165.501,7,394.37,91257
25224,Not Specified,0.02,9.27,4.39,36,Ray Morgan,Express Air,Small Business,Office Supplies,Paper,Wrap Bag,"Wirebound Message Books, Four 2 3/4"" x 5"" Forms per Page, 600 Sets per Book",0.38,West,Oregon,Hillsboro,97123,11/27/2012,11/29/2012,71.434,29,272.98,91256
25225,Not Specified,0.03,6.68,6.15,36,Ray Morgan,Regular Air,Small Business,Office Supplies,Paper,Small Box,Xerox 1968,0.37,West,Oregon,Hillsboro,97123,11/27/2012,11/29/2012,5.65,10,73.81,91256
25226,Not Specified,0.1,5.78,5.67,37,Stacy Chandler,Regular Air,Small Business,Office Supplies,Paper,Small Box,Xerox 1978,0.36,West,Oregon,Keizer,97303,11/27/2012,11/30/2012,7.67,11,62.59,91256
20935,Medium,0.02,1.68,1.57,39,Ian L O'Donnell,Regular Air,Corporate,Office Supplies,Pens & Art Supplies,Wrap Bag,Newell 323,0.59,Central,Illinois,Alton,62002,7/3/2011,7/4/2011,-30.54,10,17.12,88682
20936,Medium,0.1,7.08,2.35,39,Ian L O'Donnell,Regular Air,Corporate,Office Supplies,Pens & Art Supplies,Wrap Bag,SANFORD Major Accent™ Highlighters,0.47,Central,Illinois,Alton,62002,7/3/2011,7/5/2011,23.82,14,90.8,88682
18911,Critical,0.07,28.15,8.99,39,Ian L O'Donnell,Express Air,Corporate,Office Supplies,Pens & Art Supplies,Small Pack,"Boston Electric Pencil Sharpener, Model 1818, Charcoal Black",0.57,Central,Illinois,Alton,62002,6/12/2013,6/15/2013,-15.464,4,113.59,88684
18673,Not Specified,0.09,7.98,6.5,40,Seth Grimes,Regular Air,Corporate,Office Supplies,Storage & Organization,Medium Box,Iris Project Case,0.59,West,Washington,Anacortes,98221,3/21/2013,3/23/2013,-71.44,4,30.96,88683
22406,Not Specified,0.09,45.99,4.99,42,Alexandra Fuller,Regular Air,Consumer,Technology,Telephones and Communication,Small Box,KF 788,0.56,West,Washington,Puyallup,98373,11/5/2012,11/6/2012,24.1868,8,299.74,91455
23753,Not Specified,0.07,8.09,7.96,42,Alexandra Fuller,Regular Air,Consumer,Furniture,Office Furnishings,Small Box,"6"" Cubicle Wall Clock, Black",0.49,West,Washington,Puyallup,98373,11/26/2013,11/29/2013,63.48448,36,291.56,91458
23754,Not Specified,0.03,20.99,1.25,42,Alexandra Fuller,Regular Air,Consumer,Technology,Telephones and Communication,Small Pack,Accessory29,0.83,West,Washington,Puyallup,98373,11/26/2013,11/27/2013,43.271712,9,158.27,91458
25933,High,0,99.99,19.99,43,Theodore Moran,Regular Air,Consumer,Technology,Office Machines,Small Box,AT&T 2230 Dual Handset Phone With Caller ID/Call Waiting,0.52,West,Washington,Redmond,98052,11/10/2010,11/11/2010,25.91382,6,647.07,91454
25438,Low,0.05,9.31,3.98,43,Theodore Moran,Regular Air,Consumer,Office Supplies,"Scissors, Rulers and Trimmers",Small Pack,Acme® Forged Steel Scissors with Black Enamel Handles,0.56,West,Washington,Redmond,98052,2/26/2013,3/4/2013,-17.58,9,83.01,91456
25331,Critical,0.06,95.98,58.2,43,Theodore Moran,Delivery Truck,Consumer,Furniture,Chairs & Chairmats,Jumbo Drum,Global Deluxe Office Fabric Chairs,0.58,West,Washington,Redmond,98052,8/30/2013,9/1/2013,-336.38464,15,1396.96,91457
23651,Medium,0.1,39.48,3.99,45,Melinda Sloan,Regular Air,Home Office,Office Supplies,Appliances,Small Box,Belkin 7 Outlet SurgeMaster Surge Protector with Phone Protection,0.56,Central,Texas,Coppell,75019,2/24/2012,2/26/2012,338.6244,13,490.76,91578
25399,Not Specified,0.08,5.81,3.37,45,Melinda Sloan,Regular Air,Home Office,Office Supplies,Rubber Bands,Wrap Bag,"Advantus Push Pins, Aluminum Head",0.54,Central,Texas,Coppell,75019,9/23/2012,9/23/2012,-51.25,18,97.85,91579
25397,Not Specified,0,30.97,4,46,Anne Nguyen,Regular Air,Home Office,Technology,Computer Peripherals,Small Box,Microsoft Multimedia Keyboard,0.74,South,Virginia,Colonial Heights,23834,9/23/2012,9/25/2012,21.624,3,94.62,91579
25398,Not Specified,0,17.67,8.99,46,Anne Nguyen,Regular Air,Home Office,Furniture,Office Furnishings,Small Pack,"Executive Impressions 12"" Wall Clock",0.47,South,Virginia,Colonial Heights,23834,9/23/2012,9/25/2012,-78.092,20,368.39,91579
20727,Medium,0.06,17.98,8.51,48,Geoffrey Hewitt,Regular Air,Corporate,Technology,Office Machines,Medium Box,Canon P1-DHIII Palm Printing Calculator,0.4,Central,Illinois,Springfield,62701,8/15/2011,8/15/2011,-27.600924,1,21.16,87712
19337,Medium,0.07,4.13,0.5,48,Geoffrey Hewitt,Regular Air,Corporate,Office Supplies,Labels,Small Box,Avery 506,0.39,Central,Illinois,Springfield,62701,8/13/2012,8/16/2012,60.8097,22,88.13,87713
18362,High,0.03,7.31,0.49,48,Geoffrey Hewitt,Regular Air,Corporate,Office Supplies,Labels,Small Box,Self-Adhesive Address Labels for Typewriters by Universal,0.38,Central,Illinois,Springfield,62701,10/10/2012,10/11/2012,94.8198,19,137.42,87714
18363,High,0.01,20.99,2.5,48,Geoffrey Hewitt,Regular Air,Corporate,Technology,Telephones and Communication,Wrap Bag,Accessory37,0.81,Central,Illinois,Springfield,62701,10/10/2012,10/11/2012,-85.27464,12,213.02,87714
20726,High,0.06,39.24,1.99,48,Geoffrey Hewitt,Regular Air,Corporate,Technology,Computer Peripherals,Small Pack,Verbatim DVD-R 4.7GB authoring disc,0.51,Central,Illinois,Springfield,62701,1/11/2013,1/12/2013,229.0593,9,331.97,87715
23944,High,0.08,67.84,0.99,49,Terri Lyons,Regular Air,Corporate,Office Supplies,Appliances,Small Box,Fellowes Command Center 5-outlet power strip,0.58,Central,Illinois,Streamwood,60107,3/29/2011,3/29/2011,-12.82,1,64.91,87710
21138,High,0.04,7.64,1.39,49,Terri Lyons,Express Air,Corporate,Office Supplies,Envelopes,Small Box,"#10- 4 1/8"" x 9 1/2"" Security-Tint Envelopes",0.36,Central,Illinois,Streamwood,60107,5/18/2011,5/19/2011,7.27,1,15.42,87711
20728,Medium,0.04,12.95,4.98,49,Terri Lyons,Regular Air,Corporate,Office Supplies,Binders and Binder Accessories,Small Box,GBC Binding covers,0.4,Central,Illinois,Streamwood,60107,8/15/2011,8/17/2011,18.88258,5,69.4,87712
23662,Low,0,65.99,5.31,49,Terri Lyons,Regular Air,Corporate,Technology,Telephones and Communication,Small Box,3390,0.57,Central,Illinois,Streamwood,60107,2/17/2013,2/19/2013,391.7199,10,567.71,87716
23802,Medium,0.1,30.73,4,49,Terri Lyons,Regular Air,Corporate,Technology,Computer Peripherals,Small Box,Fellowes 17-key keypad for PS/2 interface,0.75,Central,Illinois,Streamwood,60107,3/2/2013,3/3/2013,-45.1,7,208.12,87717
21300,Critical,0.06,200.97,15.59,49,Terri Lyons,Delivery Truck,Corporate,Technology,Office Machines,Jumbo Drum,Hewlett-Packard Deskjet 6122 Color Inkjet Printer,0.36,Central,Illinois,Streamwood,60107,3/12/2013,3/14/2013,526.608,4,763.2,87718
22691,Medium,0.09,2.6,2.4,49,Terri Lyons,Regular Air,Corporate,Office Supplies,Pens & Art Supplies,Wrap Bag,12 Colored Short Pencils,0.58,Central,Illinois,Streamwood,60107,10/6/2013,10/7/2013,-17.68,6,16.64,87719
22692,Medium,0.07,14.97,7.51,49,Terri Lyons,Regular Air,Corporate,Office Supplies,Storage & Organization,Small Box,Pizazz® Global Quick File™,0.57,Central,Illinois,Streamwood,60107,10/6/2013,10/8/2013,-30.48,4,63.9,87719
23945,High,0.04,276.2,24.49,50,Dawn Bailey,Regular Air,Corporate,Furniture,Chairs & Chairmats,Large Box,SAFCO Arco Folding Chair,,Central,Illinois,Tinley Park,60477,3/29/2011,4/1/2011,1585.0887,8,2297.23,87710
18551,Not Specified,0,115.99,2.5,52,Lorraine Kelly,Regular Air,Corporate,Technology,Telephones and Communication,Small Box,6160,0.57,West,Washington,Puyallup,98373,9/10/2010,9/10/2010,162.666,6,627.04,88426
19341,Critical,0.02,40.97,1.99,52,Lorraine Kelly,Regular Air,Corporate,Technology,Computer Peripherals,Small Pack,"TDK 4.7GB DVD-R Spindle, 15/Pack",0.42,West,Washington,Puyallup,98373,9/10/2011,9/11/2011,378.1614,13,548.06,88427
18666,Critical,0.08,7.7,3.68,52,Lorraine Kelly,Regular Air,Corporate,Furniture,Office Furnishings,Wrap Bag,Deflect-O® Glasstique™ Clear Desk Accessories,0.52,West,Washington,Puyallup,98373,11/6/2012,11/7/2012,3.328,17,129.57,88428
22117,Critical,0.07,3502.14,8.73,53,Sidney Russell Austin,Delivery Truck,Corporate,Technology,Office Machines,Jumbo Box,Okidata Pacemark 4410N Wide Format Dot Matrix Printer,0.57,West,Washington,Redmond,98052,7/28/2010,7/30/2010,-6923.5992,1,3267.55,88425
18552,Not Specified,0.02,5.98,5.79,53,Sidney Russell Austin,Regular Air,Corporate,Office Supplies,Paper,Small Box,Xerox 1903,0.36,West,Washington,Redmond,98052,9/10/2010,9/11/2010,-67.49,17,110.19,88426
21677,Low,0.09,3.08,0.99,53,Sidney Russell Austin,Regular Air,Corporate,Office Supplies,Labels,Small Box,Avery 481,0.37,West,Washington,Redmond,98052,2/19/2013,2/21/2013,23.1564,11,33.56,88429
19968,High,0.03,44.43,46.59,55,Marvin Hawley,Delivery Truck,Home Office,Furniture,Tables,Jumbo Box,Hon 61000 Series Interactive Training Tables,0.67,East,New York,Syracuse,13210,10/6/2011,10/7/2011,-1513.264896,14,666.63,88076
19969,Low,0.07,130.98,54.74,55,Marvin Hawley,Delivery Truck,Consumer,Furniture,Bookcases,Jumbo Box,"O'Sullivan Elevations Bookcase, Cherry Finish",0.69,East,New York,Syracuse,13210,10/20/2011,10/25/2011,-414.18,6,814.6,88077
18469,Low,0.01,15.68,3.73,55,Marvin Hawley,Regular Air,Consumer,Furniture,Office Furnishings,Small Pack,Artistic Insta-Plaque,0.46,East,New York,Syracuse,13210,4/10/2013,4/10/2013,23.5635,2,34.15,88081
18470,Low,0.04,71.37,69,55,Marvin Hawley,Express Air,Consumer,Furniture,Tables,Large Box,"Lesro Sheffield Collection Coffee Table, End Table, Center Table, Corner Table",0.68,East,New York,Syracuse,13210,4/10/2013,4/14/2013,54.59805,11,761.52,88081
20697,Medium,0.06,3.8,1.49,56,Randall Montgomery,Regular Air,Consumer,Office Supplies,Binders and Binder Accessories,Small Box,Durable Pressboard Binders,0.38,East,New York,Tonawanda,14150,10/20/2010,10/21/2010,19.6282,20,73.55,88075
20698,Medium,0.06,1.76,0.7,56,Randall Montgomery,Regular Air,Consumer,Office Supplies,Pens & Art Supplies,Wrap Bag,Newell 310,0.56,East,New York,Tonawanda,14150,10/20/2010,10/21/2010,-1.6524,17,29.57,88075
19970,Low,0.04,4.76,3.01,56,Randall Montgomery,Regular Air,Consumer,Office Supplies,Paper,Wrap Bag,"TOPS Voice Message Log Book, Flash Format",0.36,East,New York,Tonawanda,14150,10/20/2011,10/27/2011,-7.9488,23,109.64,88077
24218,High,0.01,5.84,1.2,56,Randall Montgomery,Express Air,Consumer,Office Supplies,Pens & Art Supplies,Wrap Bag,Newell 312,0.55,East,New York,Tonawanda,14150,1/11/2013,1/13/2013,47.0972,11,68.79,88079
23305,Not Specified,0.1,5.94,9.92,56,Randall Montgomery,Regular Air,Consumer,Office Supplies,Binders and Binder Accessories,Small Box,Storex Dura Pro™ Binders,0.38,East,New York,Tonawanda,14150,2/8/2013,2/9/2013,-211.0595,7,40.94,88080
23306,Not Specified,0.1,65.99,2.5,56,Randall Montgomery,Regular Air,Consumer,Technology,Telephones and Communication,Small Box,6190,0.55,East,New York,Tonawanda,14150,2/8/2013,2/9/2013,186.417,6,311.98,88080
22008,Low,0.1,525.98,19.99,56,Randall Montgomery,Regular Air,Consumer,Office Supplies,Binders and Binder Accessories,Small Box,GBC DocuBind 300 Electric Binding Machine,0.37,East,New York,Tonawanda,14150,12/27/2013,12/30/2013,5291.4651,15,7668.79,88082
22009,Low,0.1,115.99,8.99,56,Randall Montgomery,Regular Air,Consumer,Technology,Telephones and Communication,Small Box,5185,0.58,East,New York,Tonawanda,14150,12/27/2013,12/29/2013,1176.724224,21,1941.74,88082
26008,Medium,0.06,11.66,7.95,57,Kimberly Epstein,Regular Air,Consumer,Office Supplies,Pens & Art Supplies,Small Pack,"Hunt BOSTON® Vista® Battery-Operated Pencil Sharpener, Black",0.58,East,New York,Troy,12180,1/21/2012,1/23/2012,-143.8648,10,120.64,88078
19277,Critical,0.08,6.48,6.81,59,Rose Lassiter,Express Air,Small Business,Office Supplies,Paper,Small Box,Xerox 1930,0.36,Central,Texas,Port Arthur,77642,2/23/2013,2/25/2013,-96.59,8,51.56,87413
19278,Critical,0.02,2.78,0.97,59,Rose Lassiter,Regular Air,Small Business,Office Supplies,Pens & Art Supplies,Wrap Bag,Newell 339,0.59,Central,Texas,Port Arthur,77642,2/23/2013,2/25/2013,0.77,6,17.24,87413
18289,Critical,0,3.95,5.13,59,Rose Lassiter,Regular Air,Corporate,Office Supplies,Appliances,Small Box,"Hoover Replacement Belts For Soft Guard™ & Commercial Ltweight Upright Vacs, 2/Pk",0.59,Central,Texas,Port Arthur,77642,3/14/2013,3/15/2013,-157.18,11,45.57,87416
19903,Not Specified,0.09,150.98,57.2,59,Rose Lassiter,Delivery Truck,Corporate,Furniture,Chairs & Chairmats,Jumbo Drum,DMI Arturo Collection Mission-style Design Wood Chair,0.59,Central,Texas,Port Arthur,77642,4/3/2013,4/4/2013,-231.6,5,750.94,87417
19904,Not Specified,0.02,38.94,35,59,Rose Lassiter,Regular Air,Corporate,Office Supplies,Storage & Organization,Large Box,"Eldon Base for stackable storage shelf, platinum",0.8,Central,Texas,Port Arthur,77642,4/3/2013,4/4/2013,-1119.64,10,394.4,87417
20292,Medium,0.08,4.18,2.99,60,Sheila Warren,Regular Air,Small Business,Office Supplies,Binders and Binder Accessories,Small Box,Avery® Durable Slant Ring Binders With Label Holder,0.37,Central,Texas,Richardson,75080,6/10/2012,6/12/2012,-24.2144,16,65.22,87410
20293,Medium,0.03,2.88,0.7,60,Sheila Warren,Regular Air,Small Business,Office Supplies,Pens & Art Supplies,Wrap Bag,Newell 340,0.56,Central,Texas,Richardson,75080,6/10/2012,6/12/2012,23.844,20,56.72,87410
20427,High,0.08,89.99,42,60,Sheila Warren,Delivery Truck,Corporate,Furniture,Chairs & Chairmats,Jumbo Drum,"Global Leather Task Chair, Black",0.66,Central,Texas,Richardson,75080,7/21/2013,7/21/2013,-180.46656,2,195.63,87420
22867,Medium,0.05,81.94,55.81,61,Charlotte Stanton,Delivery Truck,Small Business,Furniture,Bookcases,Jumbo Box,O'Sullivan 5-Shelf Heavy-Duty Bookcases,0.6,Central,Texas,Rosenberg,77471,11/18/2011,11/18/2011,185.266,28,2292.34,87409
21091,Low,0.03,6.08,1.82,61,Charlotte Stanton,Regular Air,Corporate,Office Supplies,Rubber Bands,Wrap Bag,Staples Bulk Pack Metal Binder Clips,0.35,Central,Texas,Rosenberg,77471,10/7/2012,10/16/2012,77.372,20,125.92,87411
22811,Not Specified,0.1,9.93,1.09,61,Charlotte Stanton,Regular Air,Small Business,Office Supplies,Pens & Art Supplies,Wrap Bag,Peel-Off® China Markers,0.43,Central,Texas,Rosenberg,77471,2/13/2013,2/16/2013,25.116,4,36.4,87412
21820,High,0.04,19.98,5.86,61,Charlotte Stanton,Regular Air,Small Business,Office Supplies,Paper,Small Box,Xerox 191,0.38,Central,Texas,Rosenberg,77471,3/2/2013,3/3/2013,67.8477,5,98.33,87414
22423,High,0,22.24,1.99,61,Charlotte Stanton,Regular Air,Corporate,Technology,Computer Peripherals,Small Pack,"Verbatim DVD-R, 3.95GB, SR, Mitsubishi Branded, Jewel",0.43,Central,Texas,Rosenberg,77471,11/11/2013,11/14/2013,173.66272,15,333.6,87422
22424,High,0,29.89,1.99,61,Charlotte Stanton,Regular Air,Corporate,Technology,Computer Peripherals,Small Pack,"Verbatim DVD-RAM, 5.2GB, Rewritable, Type 1, DS",0.5,Central,Texas,Rosenberg,77471,11/11/2013,11/12/2013,433.22048,22,670.73,87422
22890,High,0.02,5.98,5.15,62,Pam Gilbert,Regular Air,Corporate,Office Supplies,Paper,Small Box,Xerox 193,0.36,Central,Texas,Round Rock,78664,11/9/2010,11/11/2010,2.14,3,22.85,87407
25354,High,0.04,29.14,4.86,62,Pam Gilbert,Regular Air,Corporate,Office Supplies,Paper,Wrap Bag,"Snap-A-Way® Black Print Carbonless Speed Message, No Reply Area, Duplicate",0.38,Central,Texas,Round Rock,78664,12/12/2010,12/14/2010,349.4091,17,506.39,87408
25387,Low,0.09,5.85,2.27,62,Pam Gilbert,Regular Air,Corporate,Office Supplies,Pens & Art Supplies,Wrap Bag,"Dixon My First Ticonderoga Pencil, #2",0.56,Central,Texas,Round Rock,78664,3/7/2013,3/12/2013,-8.37,3,17.55,87415
25355,High,0.02,20.89,11.52,62,Pam Gilbert,Regular Air,Corporate,Office Supplies,Storage & Organization,Small Box,"Iris® 3-Drawer Stacking Bin, Black",0.83,Central,Texas,Round Rock,78664,12/12/2013,12/14/2013,-103.96848,20,439.92,87423
25388,Low,0.07,70.97,3.5,63,Gene Diaz,Regular Air,Corporate,Office Supplies,Appliances,Small Box,Tripp Lite Isotel 8 Ultra 8 Outlet Metal Surge,0.59,Central,Texas,Rowlett,75088,3/7/2013,3/16/2013,97.36,3,207.91,87415
25592,Low,0.02,59.98,3.99,63,Gene Diaz,Express Air,Corporate,Office Supplies,Appliances,Small Box,Belkin 8 Outlet SurgeMaster II Gold Surge Protector,0.57,Central,Texas,Rowlett,75088,5/2/2013,5/9/2013,691.3179,16,1001.91,87418
25593,Low,0.06,65.99,5.31,63,Gene Diaz,Regular Air,Corporate,Technology,Telephones and Communication,Small Box,3390,0.57,Central,Texas,Rowlett,75088,5/2/2013,5/7/2013,458.622,13,700.58,87418
26231,Low,0.1,8.34,0.96,63,Gene Diaz,Regular Air,Corporate,Furniture,Office Furnishings,Wrap Bag,Document Clip Frames,0.43,Central,Texas,Rowlett,75088,6/7/2013,6/11/2013,-5.112,1,7.98,87419
26232,Low,0.04,140.99,13.99,63,Gene Diaz,Regular Air,Corporate,Technology,Office Machines,Medium Box,Canon MP100DHII Printing Calculator,0.37,Central,Texas,Rowlett,75088,6/7/2013,6/14/2013,499.6497,5,724.13,87419
21017,Not Specified,0,3.69,0.5,64,Lynn Morrow,Regular Air,Small Business,Office Supplies,Labels,Small Box,Avery 501,0.38,South,Virginia,Salem,24153,3/2/2010,3/4/2010,-37.5291,1,4,87406
21019,Not Specified,0.02,175.99,4.99,64,Lynn Morrow,Express Air,Small Business,Technology,Telephones and Communication,Small Box,5165,0.59,South,Virginia,Salem,24153,3/2/2010,3/2/2010,101.49,4,589.8,87406
21018,Not Specified,0.03,92.23,39.61,64,Lynn Morrow,Regular Air,Small Business,Furniture,Office Furnishings,Medium Box,"Deflect-o RollaMat Studded, Beveled Mat for Medium Pile Carpeting",0.67,South,Virginia,Salem,24153,3/2/2013,3/4/2013,-10.6582,5,461.69,87414
20899,High,0.05,55.99,5,64,Lynn Morrow,Regular Air,Corporate,Technology,Telephones and Communication,Small Pack,Accessory6,0.8,South,Virginia,Salem,24153,8/26/2013,8/28/2013,-218.9761,23,1062.84,87421
18441,Critical,0.01,205.99,19.99,65,Jenny Sanchez,Regular Air,Corporate,Technology,Telephones and Communication,Small Box,iDEN i550,0.6,West,California,Mountain View,94043,5/2/2012,5/3/2012,1312.038,13,2395.13,87948
18442,Critical,0.09,162.93,19.99,66,Arlene Rouse,Regular Air,Corporate,Office Supplies,Envelopes,Small Box,Multimedia Mailers,0.39,West,California,Murrieta,92563,5/2/2012,5/4/2012,1451.9394,14,2104.26,87948
21667,Not Specified,0.06,9.11,2.15,66,Arlene Rouse,Regular Air,Corporate,Office Supplies,Paper,Wrap Bag,"Black Print Carbonless Snap-Off® Rapid Letter, 8 1/2"" x 7""",0.4,West,California,Murrieta,92563,6/12/2013,6/13/2013,95.3787,15,138.23,87951
23274,Low,0.05,155.06,7.07,67,Ellen McCormick,Regular Air,Corporate,Office Supplies,Storage & Organization,Small Box,"Dual Level, Single-Width Filing Carts",0.59,West,California,Napa,94559,1/2/2010,1/9/2010,845.664,8,1225.6,87946
23272,Low,0,291.73,48.8,67,Ellen McCormick,Delivery Truck,Corporate,Furniture,Chairs & Chairmats,Jumbo Drum,Hon 4070 Series Pagoda™ Armless Upholstered Stacking Chairs,0.56,West,California,Napa,94559,1/2/2013,1/2/2013,-239.4192,1,309.77,87949
23273,Low,0.07,100.98,45,67,Ellen McCormick,Delivery Truck,Corporate,Furniture,Chairs & Chairmats,Jumbo Drum,Hon Valutask™ Swivel Chairs,0.69,West,California,Napa,94559,1/2/2013,1/4/2013,-1301.814,12,1139.49,87949
24229,Medium,0.1,367.99,19.99,67,Ellen McCormick,Regular Air,Corporate,Office Supplies,Binders and Binder Accessories,Small Box,Ibico Ibimaster 300 Manual Binding System,0.4,West,California,Napa,94559,3/12/2013,3/14/2013,2159.5344,9,3129.76,87950
24230,Medium,0.1,4.24,5.41,67,Ellen McCormick,Regular Air,Corporate,Office Supplies,Binders and Binder Accessories,Small Box,Storex DuraTech Recycled Plastic Frosted Binders,0.35,West,California,Napa,94559,3/12/2013,3/14/2013,-67.459,5,21.27,87950
5272,Low,0,291.73,48.8,68,Scott Bunn,Delivery Truck,Corporate,Furniture,Chairs & Chairmats,Jumbo Drum,Hon 4070 Series Pagoda™ Armless Upholstered Stacking Chairs,0.56,East,New York,New York City,10177,1/2/2010,1/2/2010,-308.928,4,1239.06,37537
5273,Low,0.07,100.98,45,68,Scott Bunn,Delivery Truck,Corporate,Furniture,Chairs & Chairmats,Jumbo Drum,Hon Valutask™ Swivel Chairs,0.69,East,New York,New York City,10177,1/2/2010,1/4/2010,-1679.76,43,4083.19,37537
5274,Low,0.05,155.06,7.07,68,Scott Bunn,Regular Air,Corporate,Office Supplies,Storage & Organization,Small Box,"Dual Level, Single-Width Filing Carts",0.59,East,New York,New York City,10177,1/2/2010,1/9/2010,575.396,32,4902.38,37537
7786,High,0.09,122.99,70.2,68,Scott Bunn,Delivery Truck,Corporate,Furniture,Chairs & Chairmats,Jumbo Drum,"Global High-Back Leather Tilter, Burgundy",0.74,East,New York,New York City,10177,2/2/2010,2/4/2010,-2426.55,49,5718.85,55713
441,Critical,0.01,205.99,19.99,68,Scott Bunn,Regular Air,Corporate,Technology,Telephones and Communication,Small Box,iDEN i550,0.6,East,New York,New York City,10177,5/2/2012,5/3/2012,1312.038,53,9764.76,2978
442,Critical,0.09,162.93,19.99,68,Scott Bunn,Regular Air,Corporate,Office Supplies,Envelopes,Small Box,Multimedia Mailers,0.39,East,New York,New York City,10177,5/2/2012,5/4/2012,2077.91,57,8567.34,2978
443,Critical,0.07,200.99,4.2,68,Scott Bunn,Regular Air,Corporate,Technology,Telephones and Communication,Small Box,2160i,0.59,East,New York,New York City,10177,5/2/2012,5/3/2012,947.313,44,7340.38,2978
6229,Medium,0.1,367.99,19.99,68,Scott Bunn,Regular Air,Corporate,Office Supplies,Binders and Binder Accessories,Small Box,Ibico Ibimaster 300 Manual Binding System,0.4,East,New York,New York City,10177,3/12/2013,3/14/2013,4592.737,34,11823.52,44099
6230,Medium,0.1,4.24,5.41,68,Scott Bunn,Regular Air,Corporate,Office Supplies,Binders and Binder Accessories,Small Box,Storex DuraTech Recycled Plastic Frosted Binders,0.35,East,New York,New York City,10177,3/12/2013,3/14/2013,-67.459,19,80.81,44099
3667,Not Specified,0.06,9.11,2.15,68,Scott Bunn,Regular Air,Corporate,Office Supplies,Paper,Wrap Bag,"Black Print Carbonless Snap-Off® Rapid Letter, 8 1/2"" x 7""",0.4,East,New York,New York City,10177,6/12/2013,6/13/2013,122.06,62,571.35,26274
18443,Critical,0.07,200.99,4.2,69,Carrie House,Regular Air,Corporate,Technology,Telephones and Communication,Small Box,2160i,0.59,East,Rhode Island,Smithfield,2917,5/2/2012,5/3/2012,947.313,11,1835.09,87948
25786,High,0.09,122.99,70.2,70,Annette Boone,Delivery Truck,Corporate,Furniture,Chairs & Chairmats,Jumbo Drum,"Global High-Back Leather Tilter, Burgundy",0.74,East,Vermont,Burlington,5401,2/2/2010,2/4/2010,-2426.55,12,1400.53,87947
18900,Low,0.06,6.88,2,72,Amanda Hardy Singleton,Express Air,Small Business,Office Supplies,Paper,Wrap Bag,"Adams Phone Message Book, 200 Message Capacity, 8 1/16” x 11”",0.39,East,Maine,West Scarborough,4070,8/12/2012,8/19/2012,82.8483,18,120.07,89248
21280,High,0.02,22.84,8.18,73,April Winters,Regular Air,Small Business,Office Supplies,Paper,Small Box,Xerox 1991,0.39,East,Massachusetts,Duxbury,2331,10/28/2013,10/30/2013,234.68,22,526.36,89250
18955,Not Specified,0.09,21.78,5.94,74,Mark Manning,Regular Air,Small Business,Office Supplies,Appliances,Medium Box,Holmes HEPA Air Purifier,0.5,East,New Jersey,Iselin,8830,12/10/2012,12/12/2012,23.01,7,147.26,89249
21287,Critical,0.06,65.99,8.99,75,Tamara Yates,Express Air,Small Business,Technology,Telephones and Communication,Small Box,5180,0.56,East,New Jersey,Lakewood,8701,4/11/2012,4/13/2012,17.253,6,323.34,89247
21288,Critical,0.1,159.99,5.5,76,Glen Weeks,Regular Air,Small Business,Technology,Computer Peripherals,Small Box,Gyration RF Keyboard,0.49,East,New Jersey,Wayne,7470,4/11/2012,4/12/2012,526.5735,5,763.15,89247
21289,Critical,0.1,6.48,8.73,77,Jan Kaufman Parrish,Regular Air,Small Business,Office Supplies,Paper,Small Box,Xerox 227,0.37,East,New Jersey,Wyckoff,7481,4/11/2012,4/13/2012,-180.17,10,64.83,89247
21286,Critical,0.02,19.99,11.17,78,Hannah Grant,Regular Air,Small Business,Furniture,Office Furnishings,Large Box,Telescoping Adjustable Floor Lamp,0.6,East,Vermont,Bennington,5201,4/11/2012,4/12/2012,-44.86,2,45.11,89247
19508,Low,0.03,180.98,30,80,Sam Carlson,Delivery Truck,Small Business,Furniture,Chairs & Chairmats,Jumbo Drum,Office Star - Ergonomic Mid Back Chair with 2-Way Adjustable Arms,0.69,West,Oregon,Keizer,97303,2/6/2011,2/6/2011,605.44,7,1334.94,89923
19271,High,0.01,3.57,4.17,80,Sam Carlson,Regular Air,Small Business,Office Supplies,Pens & Art Supplies,Small Pack,Barrel Sharpener,0.59,West,Oregon,Keizer,97303,5/19/2011,5/20/2011,-119.35,17,65.23,89924
19272,High,0.07,37.76,12.9,80,Sam Carlson,Regular Air,Small Business,Office Supplies,Storage & Organization,Small Box,"Companion Letter/Legal File, Black",0.57,West,Oregon,Keizer,97303,5/19/2011,5/20/2011,25.51,15,552.43,89924
19273,High,0.02,124.49,51.94,80,Sam Carlson,Delivery Truck,Small Business,Furniture,Tables,Jumbo Box,Bevis 36 x 72 Conference Tables,0.63,West,Oregon,Keizer,97303,5/19/2011,5/21/2011,-365.44,13,1284.24,89924
19773,High,0.03,105.98,13.99,80,Sam Carlson,Regular Air,Small Business,Furniture,Office Furnishings,Medium Box,"Tenex 46"" x 60"" Computer Anti-Static Chairmat, Rectangular Shaped",0.65,West,Oregon,Keizer,97303,5/29/2011,5/31/2011,534.6603,7,774.87,89925
25084,High,0.05,210.55,9.99,80,Sam Carlson,Express Air,Small Business,Office Supplies,Storage & Organization,Small Box,"24 Capacity Maxi Data Binder Racks, Pearl",0.6,West,Oregon,Keizer,97303,7/16/2012,7/17/2012,-270.7,1,211.52,89926
25085,High,0,125.99,7.69,81,Dale Hahn,Express Air,Small Business,Technology,Telephones and Communication,Small Box,Timeport L7089,0.58,West,Oregon,Lake Oswego,97035,7/16/2012,7/17/2012,305.964,7,769.09,89926
25671,Critical,0.09,9.85,4.82,81,Dale Hahn,Regular Air,Small Business,Office Supplies,Pens & Art Supplies,Wrap Bag,Lumber Crayons,0.47,West,Oregon,Lake Oswego,97035,1/4/2013,1/5/2013,-26.04,13,122.49,89927
25672,Critical,0.01,2.94,0.81,81,Dale Hahn,Regular Air,Small Business,Office Supplies,Pens & Art Supplies,Wrap Bag,Prang Colored Pencils,0.4,West,Oregon,Lake Oswego,97035,1/4/2013,1/5/2013,10.7019,5,15.51,89927
18281,High,0.04,296.18,54.12,83,Edgar Stone,Delivery Truck,Corporate,Furniture,Tables,Jumbo Box,Hon 94000 Series Round Tables,0.76,East,Ohio,Canton,44708,3/15/2010,3/15/2010,-715.778206,6,1821.89,87365
20845,High,0.07,9.27,4.39,83,Edgar Stone,Regular Air,Corporate,Office Supplies,Paper,Wrap Bag,"Wirebound Message Books, Four 2 3/4"" x 5"" Forms per Page, 600 Sets per Book",0.38,East,Ohio,Canton,44708,3/5/2012,3/6/2012,18.73,10,90.09,87369
20846,High,0.01,3.85,0.7,83,Edgar Stone,Regular Air,Corporate,Office Supplies,Pens & Art Supplies,Wrap Bag,Avery Hi-Liter Pen Style Six-Color Fluorescent Set,0.44,East,Ohio,Canton,44708,3/5/2012,3/6/2012,32.3265,12,46.85,87369
22232,Not Specified,0.03,9.38,4.93,83,Edgar Stone,Regular Air,Corporate,Furniture,Office Furnishings,Small Box,"Eldon Expressions Punched Metal & Wood Desk Accessories, Black & Cherry",0.57,East,Ohio,Canton,44708,9/1/2013,9/3/2013,-8.4456,17,160.31,87372
23639,Not Specified,0,8.09,7.96,84,Helen Stein,Regular Air,Consumer,Furniture,Office Furnishings,Small Box,"6"" Cubicle Wall Clock, Black",0.49,East,Ohio,Cincinnati,45231,2/2/2010,2/3/2010,-144.56,11,90.98,87364
23880,High,0.08,896.99,19.99,84,Helen Stein,Regular Air,Corporate,Office Supplies,Binders and Binder Accessories,Small Box,GBC DocuBind TL300 Electric Binding System,0.38,East,Ohio,Cincinnati,45231,9/30/2010,10/2/2010,7402.32,13,10728,87366
23290,Not Specified,0.02,232.58,19.99,84,Helen Stein,Express Air,Corporate,Office Supplies,Appliances,Small Box,Hoover Commercial Lightweight Upright Vacuum with E-Z Empty™ Dirt Cup,0.59,East,Ohio,Cincinnati,45231,10/29/2011,10/31/2011,2286.6968,18,4191.68,87368
23291,Not Specified,0.08,26.17,1.39,84,Helen Stein,Regular Air,Corporate,Office Supplies,Envelopes,Small Box,Quality Park Security Envelopes,0.38,East,Ohio,Cincinnati,45231,10/29/2011,10/31/2011,251.1876,14,364.04,87368
23292,Not Specified,0,15.31,8.78,84,Helen Stein,Regular Air,Corporate,Office Supplies,Storage & Organization,Small Box,Eldon Jumbo ProFile™ Portable File Boxes Graphite/Black,0.57,East,Ohio,Cincinnati,45231,10/29/2011,11/1/2011,-33.0804,2,35.01,87368
25296,Medium,0.1,2.88,0.5,84,Helen Stein,Regular Air,Consumer,Office Supplies,Labels,Small Box,Avery 507,0.39,East,Ohio,Cincinnati,45231,4/14/2013,4/14/2013,11.3505,6,16.45,87370
23881,High,0.02,243.98,62.94,84,Helen Stein,Delivery Truck,Corporate,Furniture,Chairs & Chairmats,Jumbo Drum,Hon Deluxe Fabric Upholstered Stacking Chairs,0.57,East,Ohio,Cincinnati,45231,9/30/2013,10/1/2013,44.8524,5,1274.79,87373
25472,Low,0.07,243.98,43.32,85,Hazel Graham,Delivery Truck,Corporate,Furniture,Chairs & Chairmats,Jumbo Drum,"Hon Deluxe Fabric Upholstered Stacking Chairs, Rounded Back",0.55,East,Ohio,Cleveland,44105,4/10/2011,4/19/2011,1980.4794,12,2870.26,87367
25297,Medium,0.08,550.98,45.7,85,Hazel Graham,Delivery Truck,Consumer,Furniture,Tables,Jumbo Box,Chromcraft Bull-Nose Wood Oval Conference Tables & Bases,0.71,East,Ohio,Cleveland,44105,4/14/2013,4/15/2013,-1331.553366,5,2723.95,87370
26359,Not Specified,0.09,525.98,19.99,85,Hazel Graham,Regular Air,Consumer,Office Supplies,Binders and Binder Accessories,Small Box,GBC DocuBind 300 Electric Binding Machine,0.37,East,Ohio,Cleveland,44105,4/19/2013,4/21/2013,3120.9873,9,4523.17,87371
24663,Low,0.05,161.55,19.99,87,Norman Shields,Regular Air,Corporate,Office Supplies,Storage & Organization,Small Box,Fellowes Super Stor/Drawer® Files,0.66,West,California,Vacaville,95687,6/3/2010,6/8/2010,1892.424,19,3127.69,90596
23841,High,0.09,4.91,0.5,87,Norman Shields,Regular Air,Corporate,Office Supplies,Labels,Small Box,Avery 493,0.36,West,California,Vacaville,95687,9/22/2010,9/23/2010,28.8558,9,41.82,90597
23842,High,0.01,296.18,54.12,87,Norman Shields,Delivery Truck,Corporate,Furniture,Tables,Jumbo Box,Hon 94000 Series Round Tables,0.76,West,California,Vacaville,95687,9/22/2010,9/25/2010,173.48,9,2875.72,90597
25591,Medium,0.05,18.84,3.62,87,Norman Shields,Regular Air,Corporate,Furniture,Office Furnishings,Wrap Bag,Flat Face Poster Frame,0.43,West,California,Vacaville,95687,4/15/2013,4/17/2013,170.8233,13,247.57,90599
19830,Not Specified,0.02,30.73,4,88,Phillip Clapp,Express Air,Corporate,Technology,Computer Peripherals,Small Box,Fellowes 17-key keypad for PS/2 interface,0.75,East,Vermont,Essex Junction,5451,12/13/2011,12/15/2011,84.585,14,462.34,90598
18240,Not Specified,0.1,35.48,35,90,Katie Watson,Express Air,Corporate,Office Supplies,Storage & Organization,Large Box,Belkin OmniView SE Rackmount Kit,0.85,West,California,Vacaville,95687,2/7/2012,2/7/2012,-1191.13,10,340.42,87181
23071,High,0.07,19.84,4.1,91,Wallace Werner,Regular Air,Home Office,Office Supplies,Pens & Art Supplies,Wrap Bag,Prismacolor Color Pencil Set,0.44,West,California,Vallejo,94591,5/17/2010,5/18/2010,117.852,9,170.8,87175
19877,Medium,0.05,5.18,2.04,91,Wallace Werner,Regular Air,Home Office,Office Supplies,Paper,Wrap Bag,Array® Memo Cubes,0.36,West,California,Vallejo,94591,8/18/2010,8/20/2010,34.0104,10,53.54,87176
19611,Medium,0.06,175.99,8.99,91,Wallace Werner,Regular Air,Corporate,Technology,Telephones and Communication,Small Box,2180,0.57,West,California,Vallejo,94591,9/4/2010,9/6/2010,2031.507,23,3363.53,87177
18241,Not Specified,0.07,99.99,19.99,91,Wallace Werner,Regular Air,Corporate,Technology,Computer Peripherals,Small Box,US Robotics 56K V.92 External Faxmodem,0.52,West,California,Vallejo,94591,2/7/2012,2/7/2012,-95.52,3,307.29,87181
18242,Not Specified,0.08,30.98,8.99,91,Wallace Werner,Regular Air,Corporate,Office Supplies,Pens & Art Supplies,Small Pack,"Boston School Pro Electric Pencil Sharpener, 1670",0.58,West,California,Vallejo,94591,2/7/2012,2/9/2012,19.57,13,373.01,87181
18846,Low,0.05,2.08,5.33,91,Wallace Werner,Express Air,Corporate,Furniture,Office Furnishings,Small Box,Eldon® Wave Desk Accessories,0.43,West,California,Vallejo,94591,9/8/2012,9/10/2012,-5.87,3,13.66,87182
18847,Low,0.08,15.42,10.68,91,Wallace Werner,Express Air,Corporate,Office Supplies,Storage & Organization,Small Box,"Decoflex Hanging Personal Folder File, Blue",0.58,West,California,Vallejo,94591,9/8/2012,9/13/2012,-231.34,21,314.17,87182
23069,High,0.07,8.34,1.43,92,Victoria Baker Hoover,Regular Air,Home Office,Office Supplies,Paper,Wrap Bag,"REDIFORM Incoming/Outgoing Call Register, 11"" X 8 1/2"", 100 Messages",0.35,South,Louisiana,Terrytown,70056,5/17/2010,5/19/2010,-190.68,16,132.08,87175
23070,High,0.09,4.98,6.07,92,Victoria Baker Hoover,Regular Air,Home Office,Office Supplies,Paper,Small Box,Xerox 1897,0.36,South,Louisiana,Terrytown,70056,5/17/2010,5/18/2010,325.398,9,45.34,87175
23203,Medium,0.04,12.98,3.14,92,Victoria Baker Hoover,Express Air,Corporate,Office Supplies,"Scissors, Rulers and Trimmers",Small Pack,"Acme® 8"" Straight Scissors",0.6,South,Louisiana,Terrytown,70056,12/7/2010,12/9/2010,22.818,16,216.04,87178
23432,Medium,0.06,9.85,4.82,92,Victoria Baker Hoover,Regular Air,Corporate,Office Supplies,Pens & Art Supplies,Wrap Bag,Lumber Crayons,0.47,South,Louisiana,Terrytown,70056,4/2/2011,4/3/2011,31.398,5,48.43,87179
23807,High,0.08,20.99,0.99,92,Victoria Baker Hoover,Regular Air,Corporate,Technology,Telephones and Communication,Small Pack,Accessory15,0.83,South,Louisiana,Terrytown,70056,11/22/2013,11/23/2013,-191.576,30,503.04,87185
23808,High,0.01,9.78,1.39,93,Vicki Shannon,Express Air,Corporate,Office Supplies,Envelopes,Small Box,"Staples #10 Laser & Inkjet Envelopes, 4 1/8"" x 9 1/2"", 100/Box",0.39,South,Virginia,Tysons Corner,22102,11/22/2011,11/24/2011,4133.016,11,120.26,87180
25099,High,0.01,7.38,11.51,93,Vicki Shannon,Regular Air,Corporate,Office Supplies,Binders and Binder Accessories,Small Box,GBC Plastic Binding Combs,0.36,South,Virginia,Tysons Corner,22102,12/18/2012,12/19/2012,19.482,20,157.73,87183
25100,High,0.1,3.71,1.93,93,Vicki Shannon,Express Air,Corporate,Office Supplies,Paper,Wrap Bag,"""While you Were Out"" Message Book, One Form per Page",0.35,South,Virginia,Tysons Corner,22102,12/18/2012,12/20/2012,690.198,8,30.01,87183
25101,High,0.01,150.98,16.01,93,Vicki Shannon,Delivery Truck,Corporate,Furniture,Tables,Jumbo Box,"Iceberg OfficeWorks 42"" Round Tables",0.7,South,Virginia,Tysons Corner,22102,12/18/2012,12/20/2012,-475.93,25,3782.29,87183
24634,Not Specified,0.03,7.99,5.03,93,Vicki Shannon,Regular Air,Corporate,Technology,Telephones and Communication,Medium Box,Bell Sonecor JB700 Caller ID,0.6,South,Virginia,Tysons Corner,22102,9/1/2013,9/3/2013,320.574,22,148.67,87184
6243,Not Specified,0.04,160.98,30,94,Eddie House Mueller,Delivery Truck,Home Office,Furniture,Chairs & Chairmats,Jumbo Drum,Office Star - Mid Back Dual function Ergonomic High Back Chair with 2-Way Adjustable Arms,0.62,Central,Illinois,Chicago,60601,11/3/2010,11/5/2010,116.1,37,6276.34,44231
6244,Not Specified,0.01,17.98,4,94,Eddie House Mueller,Regular Air,Home Office,Technology,Computer Peripherals,Small Box,"Belkin 107-key enhanced keyboard, USB/PS/2 interface",0.79,Central,Illinois,Chicago,60601,11/3/2010,11/5/2010,-87.96,146,2664.4,44231
4722,Critical,0.06,115.99,5.26,94,Eddie House Mueller,Regular Air,Home Office,Technology,Telephones and Communication,Small Box,636,0.57,Central,Illinois,Chicago,60601,3/13/2011,3/14/2011,-277.783,8,763.65,33632
7830,Low,0.08,6.48,7.37,94,Eddie House Mueller,Express Air,Home Office,Office Supplies,Paper,Small Box,Xerox 210,0.37,Central,Illinois,Chicago,60601,4/12/2011,4/16/2011,-60.65,17,118.36,56001
7400,Not Specified,0.03,7.68,6.16,94,Eddie House Mueller,Express Air,Home Office,Office Supplies,Binders and Binder Accessories,Small Box,GBC VeloBinder Strips,0.35,Central,Illinois,Chicago,60601,11/8/2011,11/9/2011,-15.7435,48,430.42,52737
3815,Critical,0.09,35.99,5,94,Eddie House Mueller,Regular Air,Corporate,Technology,Telephones and Communication,Small Box,Accessory27,0.85,Central,Illinois,Chicago,60601,10/8/2012,10/10/2012,-294.6768,33,926.92,27174
4005,Not Specified,0.06,39.24,1.99,94,Eddie House Mueller,Express Air,Home Office,Technology,Computer Peripherals,Small Pack,Verbatim DVD-R 4.7GB authoring disc,0.51,Central,Illinois,Chicago,60601,1/22/2013,1/23/2013,169.548,44,1650.19,28582
4006,Not Specified,0.02,8.01,2.87,94,Eddie House Mueller,Regular Air,Home Office,Office Supplies,Paper,Wrap Bag,"TOPS Money Receipt Book, Consecutively Numbered in Red,",0.4,Central,Illinois,Chicago,60601,1/22/2013,1/23/2013,35.184,50,419.23,28582
267,Not Specified,0.08,60.98,49,94,Eddie House Mueller,Regular Air,Home Office,Office Supplies,Appliances,Large Box,Euro Pro Shark Stick Mini Vacuum,0.59,Central,Illinois,Chicago,60601,3/19/2013,3/21/2013,-712.14,24,1449.3,1856
268,Not Specified,0.05,125.99,8.08,94,Eddie House Mueller,Regular Air,Home Office,Technology,Telephones and Communication,Small Box,M3682,0.57,Central,Illinois,Chicago,60601,3/19/2013,3/20/2013,973.161,43,4374.69,1856
269,Not Specified,0.1,125.99,8.8,94,Eddie House Mueller,Regular Air,Home Office,Technology,Telephones and Communication,Small Box,StarTAC 6500,0.59,Central,Illinois,Chicago,60601,3/19/2013,3/20/2013,676.125,44,4283.24,1856
4332,Medium,0.1,6.98,1.6,94,Eddie House Mueller,Regular Air,Home Office,Office Supplies,Paper,Wrap Bag,"Adams Phone Message Book, Professional, 400 Message Capacity, 5 3/6” x 11”",0.38,Central,Illinois,Chicago,60601,8/21/2013,8/22/2013,59.84,60,402.74,30883
6245,Not Specified,0.06,115.99,8.99,94,Eddie House Mueller,Regular Air,Home Office,Technology,Telephones and Communication,Small Box,5185,0.58,Central,Illinois,Chicago,60601,11/3/2013,11/4/2013,311.643,86,8396.02,44231
5212,Not Specified,0,17.67,8.99,94,Eddie House Mueller,Regular Air,Home Office,Furniture,Office Furnishings,Small Pack,"Executive Impressions 12"" Wall Clock",0.47,Central,Illinois,Chicago,60601,12/9/2013,12/10/2013,89.6,100,1838,37063
21815,Critical,0.09,35.99,5,95,Kristin Hunt,Regular Air,Corporate,Technology,Telephones and Communication,Small Box,Accessory27,0.85,Central,Kansas,Leawood,66209,10/8/2012,10/10/2012,-265.20912,8,224.71,87309
18267,Not Specified,0.08,60.98,49,95,Kristin Hunt,Regular Air,Home Office,Office Supplies,Appliances,Large Box,Euro Pro Shark Stick Mini Vacuum,0.59,Central,Kansas,Leawood,66209,3/19/2013,3/21/2013,-712.14,6,362.33,87312
18268,Not Specified,0.05,125.99,8.08,95,Kristin Hunt,Regular Air,Home Office,Technology,Telephones and Communication,Small Box,M3682,0.57,Central,Kansas,Leawood,66209,3/19/2013,3/20/2013,772.1859,11,1119.11,87312
18269,Not Specified,0.1,125.99,8.8,95,Kristin Hunt,Regular Air,Home Office,Technology,Telephones and Communication,Small Box,StarTAC 6500,0.59,Central,Kansas,Leawood,66209,3/19/2013,3/20/2013,676.125,11,1070.81,87312
22332,Medium,0.1,6.98,1.6,96,Vincent Lindsay,Regular Air,Home Office,Office Supplies,Paper,Wrap Bag,"Adams Phone Message Book, Professional, 400 Message Capacity, 5 3/6” x 11”",0.38,Central,Kansas,Lenexa,66215,8/21/2011,8/22/2011,64.8393,14,93.97,87307
22005,Not Specified,0.06,39.24,1.99,96,Vincent Lindsay,Express Air,Home Office,Technology,Computer Peripherals,Small Pack,Verbatim DVD-R 4.7GB authoring disc,0.51,Central,Kansas,Lenexa,66215,1/22/2013,1/23/2013,284.6595,11,412.55,87310
22006,Not Specified,0.02,8.01,2.87,96,Vincent Lindsay,Regular Air,Home Office,Office Supplies,Paper,Wrap Bag,"TOPS Money Receipt Book, Consecutively Numbered in Red,",0.4,Central,Kansas,Lenexa,66215,1/22/2013,1/23/2013,66.8496,12,100.62,87310
22722,Critical,0.06,115.99,5.26,96,Vincent Lindsay,Regular Air,Home Office,Technology,Telephones and Communication,Small Box,636,0.57,Central,Kansas,Lenexa,66215,3/13/2013,3/14/2013,-277.783,2,190.91,87311
24243,Not Specified,0.04,160.98,30,97,Max McKenna,Delivery Truck,Home Office,Furniture,Chairs & Chairmats,Jumbo Drum,Office Star - Mid Back Dual function Ergonomic High Back Chair with 2-Way Adjustable Arms,0.62,Central,Kansas,Manhattan,66502,11/3/2010,11/5/2010,255.42,9,1526.68,87306
24245,Not Specified,0.06,115.99,8.99,97,Max McKenna,Regular Air,Home Office,Technology,Telephones and Communication,Small Box,5185,0.58,Central,Kansas,Manhattan,66502,11/3/2010,11/4/2010,685.6146,20,1952.56,87306
25400,Not Specified,0.03,7.68,6.16,97,Max McKenna,Express Air,Home Office,Office Supplies,Binders and Binder Accessories,Small Box,GBC VeloBinder Strips,0.35,Central,Kansas,Manhattan,66502,11/8/2011,11/9/2011,3.1487,12,107.61,87308
24244,Not Specified,0.01,17.98,4,97,Max McKenna,Regular Air,Home Office,Technology,Computer Peripherals,Small Box,"Belkin 107-key enhanced keyboard, USB/PS/2 interface",0.79,Central,Kansas,Manhattan,66502,11/3/2013,11/5/2013,40.81344,39,711.72,87314
23212,Not Specified,0,17.67,8.99,97,Max McKenna,Regular Air,Home Office,Furniture,Office Furnishings,Small Pack,"Executive Impressions 12"" Wall Clock",0.47,Central,Kansas,Manhattan,66502,12/9/2013,12/10/2013,149.0944,25,459.5,87315
25830,Low,0.08,6.48,7.37,98,Sarah Cooke Anthony,Express Air,Home Office,Office Supplies,Paper,Small Box,Xerox 210,0.37,Central,Kansas,Olathe,66062,4/12/2013,4/16/2013,-60.65,4,27.85,87313
24002,Medium,0.01,3.49,0.76,99,Theresa Hansen,Regular Air,Consumer,Office Supplies,Rubber Bands,Wrap Bag,OIC Bulk Pack Metal Binder Clips,0.39,East,Connecticut,New Haven,6510,2/23/2011,2/25/2011,29.0283,12,42.07,88206
25555,High,0.06,55.99,5,100,Monica Daly,Express Air,Consumer,Technology,Telephones and Communication,Small Pack,Accessory6,0.8,East,Maine,Bangor,4401,2/14/2013,2/15/2013,-230.34,5,228.27,88210
18494,Medium,0.1,19.98,4,101,Claudia Boyle,Regular Air,Consumer,Technology,Computer Peripherals,Small Box,Belkin 105-Key Black Keyboard,0.68,East,Maine,Biddeford,4005,6/22/2010,6/24/2010,-16.2,16,303.59,88205
20320,High,0.09,145.45,17.85,101,Claudia Boyle,Delivery Truck,Consumer,Technology,Office Machines,Jumbo Drum,Panasonic KX-P1150 Dot Matrix Printer,0.56,East,Maine,Biddeford,4005,4/24/2012,4/26/2012,1059.1845,13,1535.05,88209
6014,Medium,0.04,300.98,54.92,102,Caroline Johnston,Delivery Truck,Consumer,Furniture,Bookcases,Jumbo Box,"Atlantic Metals Mobile 5-Shelf Bookcases, Custom Colors",0.55,East,Massachusetts,Boston,2129,4/6/2010,4/7/2010,2023.75,31,9459.94,42599
494,Medium,0.1,19.98,4,102,Caroline Johnston,Regular Air,Consumer,Technology,Computer Peripherals,Small Box,Belkin 105-Key Black Keyboard,0.68,East,Massachusetts,Boston,2129,6/22/2010,6/24/2010,-20.25,65,1233.32,3397
495,Medium,0.09,2.88,1.49,102,Caroline Johnston,Regular Air,Consumer,Office Supplies,Binders and Binder Accessories,Small Box,Avery Durable Binders,0.36,East,Massachusetts,Boston,2129,6/22/2010,6/23/2010,-3.381,17,47.31,3397
5999,Medium,0.02,35.44,19.99,102,Caroline Johnston,Regular Air,Consumer,Office Supplies,Paper,Small Box,Xerox 1880,0.38,East,Massachusetts,Boston,2129,2/23/2011,2/25/2011,47.65,37,1356.45,42528
6000,Medium,0.02,17.7,9.47,102,Caroline Johnston,Regular Air,Consumer,Office Supplies,Storage & Organization,Small Box,Portfile® Personal File Boxes,0.59,East,Massachusetts,Boston,2129,2/23/2011,2/24/2011,-43.52,13,250.75,42528
6001,Medium,0.02,9.78,1.99,102,Caroline Johnston,Express Air,Consumer,Technology,Computer Peripherals,Small Pack,"Memorex Slim 80 Minute CD-R, 10/Pack",0.43,East,Massachusetts,Boston,2129,2/23/2011,2/24/2011,81.87,31,313.05,42528
6002,Medium,0.01,3.49,0.76,102,Caroline Johnston,Regular Air,Consumer,Office Supplies,Rubber Bands,Wrap Bag,OIC Bulk Pack Metal Binder Clips,0.39,East,Massachusetts,Boston,2129,2/23/2011,2/25/2011,56.73,46,161.28,42528
6003,Medium,0.02,6.48,9.17,102,Caroline Johnston,Regular Air,Consumer,Office Supplies,Paper,Small Box,Xerox 1996,0.37,East,Massachusetts,Boston,2129,2/23/2011,2/24/2011,-147.72,29,200.7,42528
6778,Medium,0.1,5.98,7.5,102,Caroline Johnston,Regular Air,Consumer,Office Supplies,Paper,Small Box,Xerox 1920,0.4,East,Massachusetts,Boston,2129,3/9/2011,3/10/2011,-124.72,28,164.22,48263
6779,Medium,0.07,5.68,1.21,102,Caroline Johnston,Regular Air,Consumer,Office Supplies,Paper,Wrap Bag,"Adams Telephone Message Book W/Dividers/Space For Phone Numbers, 5 1/4""X8 1/2"", 200/Messages",0.4,East,Massachusetts,Boston,2129,3/9/2011,3/10/2011,37.5,25,135.91,48263
1628,Not Specified,0.04,6.88,2,102,Caroline Johnston,Regular Air,Consumer,Office Supplies,Paper,Wrap Bag,"Adams Phone Message Book, 200 Message Capacity, 8 1/16” x 11”",0.39,East,Massachusetts,Boston,2129,6/29/2011,7/1/2011,86.6,68,470.11,11779
1629,Not Specified,0.09,10.97,6.5,102,Caroline Johnston,Regular Air,Consumer,Technology,Computer Peripherals,Small Box,Micro Innovations 104 Keyboard,0.64,East,Massachusetts,Boston,2129,6/29/2011,6/30/2011,-172.34,65,684.66,11779
2320,High,0.09,145.45,17.85,102,Caroline Johnston,Delivery Truck,Consumer,Technology,Office Machines,Jumbo Drum,Panasonic KX-P1150 Dot Matrix Printer,0.56,East,Massachusetts,Boston,2129,4/24/2012,4/26/2012,1300.8,53,6258.27,16710
7555,High,0.06,55.99,5,102,Caroline Johnston,Express Air,Consumer,Technology,Telephones and Communication,Small Pack,Accessory6,0.8,East,Massachusetts,Boston,2129,2/14/2013,2/15/2013,-230.34,18,821.79,54053
7556,High,0.03,200.99,8.08,102,Caroline Johnston,Regular Air,Consumer,Technology,Telephones and Communication,Small Box,5125,0.59,East,Massachusetts,Boston,2129,2/14/2013,2/15/2013,1185.408,34,5634.35,54053
23999,Medium,0.02,35.44,19.99,103,Alexander Hendricks,Regular Air,Consumer,Office Supplies,Paper,Small Box,Xerox 1880,0.38,East,Massachusetts,Franklin,2038,2/23/2011,2/25/2011,47.65,9,329.95,88206
24000,Medium,0.02,17.7,9.47,104,Annette Ferrell,Regular Air,Consumer,Office Supplies,Storage & Organization,Small Box,Portfile® Personal File Boxes,0.59,East,Massachusetts,Lowell,1852,2/23/2011,2/24/2011,-43.52,3,57.87,88206
24001,Medium,0.02,9.78,1.99,105,Oscar Monroe,Express Air,Consumer,Technology,Computer Peripherals,Small Pack,"Memorex Slim 80 Minute CD-R, 10/Pack",0.43,East,Massachusetts,Marlborough,1752,2/23/2013,2/24/2013,55.7451,8,80.79,88211
24778,Medium,0.1,5.98,7.5,106,Harry Faulkner,Regular Air,Consumer,Office Supplies,Paper,Small Box,Xerox 1920,0.4,East,Massachusetts,Sharon,2067,3/9/2011,3/10/2011,-124.72,7,41.06,88207
24014,Medium,0.04,300.98,54.92,107,Lois Hamilton,Delivery Truck,Consumer,Furniture,Bookcases,Jumbo Box,"Atlantic Metals Mobile 5-Shelf Bookcases, Custom Colors",0.55,East,New Hampshire,Dover,3820,4/6/2010,4/7/2010,1684.4763,8,2441.27,88204
19628,Not Specified,0.04,6.88,2,108,Fred Sharma,Regular Air,Consumer,Office Supplies,Paper,Wrap Bag,"Adams Phone Message Book, 200 Message Capacity, 8 1/16” x 11”",0.39,East,New Jersey,Ewing,8618,6/29/2011,7/1/2011,81.0957,17,117.53,88208
18495,Medium,0.09,2.88,1.49,109,Tom McFarland,Regular Air,Consumer,Office Supplies,Binders and Binder Accessories,Small Box,Avery Durable Binders,0.36,East,New Jersey,Lodi,7644,6/22/2010,6/23/2010,-2.7048,4,11.13,88205
24003,Medium,0.02,6.48,9.17,110,Stanley Kessler,Regular Air,Consumer,Office Supplies,Paper,Small Box,Xerox 1996,0.37,East,New Jersey,Nutley,7110,2/23/2011,2/24/2011,-147.72,7,48.44,88206
25556,High,0.03,200.99,8.08,111,Claire Quinn,Regular Air,Consumer,Technology,Telephones and Communication,Small Box,5125,0.59,East,New Jersey,Perth Amboy,8861,2/14/2013,2/15/2013,1029.1005,9,1491.45,88210
19629,Not Specified,0.09,10.97,6.5,112,Louis Adkins,Regular Air,Consumer,Technology,Computer Peripherals,Small Box,Micro Innovations 104 Keyboard,0.64,East,New Jersey,Woodbridge,7095,6/29/2011,6/30/2011,-137.872,16,168.53,88208
24779,Medium,0.07,5.68,1.21,113,Kathryn Norton,Regular Air,Consumer,Office Supplies,Paper,Wrap Bag,"Adams Telephone Message Book W/Dividers/Space For Phone Numbers, 5 1/4""X8 1/2"", 200/Messages",0.4,East,Rhode Island,Woonsocket,2895,3/9/2011,3/10/2011,22.5078,6,32.62,88207
19074,High,0.03,4.26,1.2,114,Ron Newton,Regular Air,Home Office,Office Supplies,Pens & Art Supplies,Wrap Bag,"Dixon Prang® Watercolor Pencils, 10-Color Set with Brush",0.44,West,Oregon,Lake Oswego,97035,1/3/2010,1/4/2010,18.658,7,29.5,89583
19950,Medium,0.01,4.91,0.5,114,Ron Newton,Regular Air,Home Office,Office Supplies,Labels,Small Box,Avery 493,0.36,West,Oregon,Lake Oswego,97035,4/4/2010,4/6/2010,40.2477,12,58.33,89584
19951,Medium,0.09,4,1.3,114,Ron Newton,Express Air,Home Office,Office Supplies,Paper,Wrap Bag,EcoTones® Memo Sheets,0.37,West,Oregon,Lake Oswego,97035,4/4/2010,4/6/2010,14.0898,5,20.42,89584
20327,High,0.04,2.61,0.5,114,Ron Newton,Regular Air,Home Office,Office Supplies,Labels,Small Box,Avery 479,0.39,West,Oregon,Lake Oswego,97035,12/26/2013,12/28/2013,33.0234,19,47.86,89591
26241,Low,0.07,2.12,1.99,115,Dwight M Carr,Regular Air,Home Office,Technology,Computer Peripherals,Small Pack,Fuji Slim Jewel Case CD-R,0.55,West,Oregon,Mcminnville,97128,4/9/2010,4/11/2010,-55.84,12,26.07,89585
24260,Medium,0.07,115.99,2.5,115,Dwight M Carr,Regular Air,Home Office,Technology,Telephones and Communication,Small Box,StarTAC 7797,0.55,West,Oregon,Mcminnville,97128,1/23/2011,1/25/2011,797.157,12,1155.3,89586
20744,Low,0.01,550.98,45.7,115,Dwight M Carr,Delivery Truck,Home Office,Furniture,Tables,Jumbo Box,Chromcraft Bull-Nose Wood Oval Conference Tables & Bases,0.71,West,Oregon,Mcminnville,97128,4/2/2011,4/7/2011,-163.2,1,452.93,89587
21230,Low,0.07,96.45,13.99,115,Dwight M Carr,Regular Air,Home Office,Technology,Office Machines,Medium Box,Soundgear TeleForum DX Desktop Conference Phone,0.38,West,Oregon,Mcminnville,97128,4/24/2013,4/29/2013,147.6,3,275.01,89589
23055,High,0.02,3.28,5,115,Dwight M Carr,Regular Air,Home Office,Office Supplies,Pens & Art Supplies,Wrap Bag,Newell 35,0.56,West,Oregon,Mcminnville,97128,8/16/2013,8/18/2013,-37.76144,13,47.63,89590
26242,Low,0.07,1.76,0.7,116,Frances Grant,Regular Air,Home Office,Office Supplies,Pens & Art Supplies,Wrap Bag,Newell 326,0.56,West,Oregon,Medford,97504,4/9/2013,4/16/2013,-3.36,3,5.1,89588
1074,High,0.03,4.26,1.2,117,Linda Weiss,Regular Air,Home Office,Office Supplies,Pens & Art Supplies,Wrap Bag,"Dixon Prang® Watercolor Pencils, 10-Color Set with Brush",0.44,West,Washington,Seattle,98103,1/3/2010,1/4/2010,9.82,29,122.23,7909
1950,Medium,0.01,4.91,0.5,117,Linda Weiss,Regular Air,Home Office,Office Supplies,Labels,Small Box,Avery 493,0.36,West,Washington,Seattle,98103,4/4/2010,4/6/2010,112.06,47,228.46,13959
1951,Medium,0.09,4,1.3,117,Linda Weiss,Express Air,Home Office,Office Supplies,Paper,Wrap Bag,EcoTones® Memo Sheets,0.37,West,Washington,Seattle,98103,4/4/2010,4/6/2010,16.79,19,77.61,13959
8241,Low,0.07,2.12,1.99,117,Linda Weiss,Regular Air,Home Office,Technology,Computer Peripherals,Small Pack,Fuji Slim Jewel Case CD-R,0.55,West,Washington,Seattle,98103,4/9/2010,4/11/2010,-55.84,46,99.94,58914
2744,Low,0.01,550.98,45.7,117,Linda Weiss,Delivery Truck,Home Office,Furniture,Tables,Jumbo Box,Chromcraft Bull-Nose Wood Oval Conference Tables & Bases,0.71,West,Washington,Seattle,98103,4/2/2011,4/7/2011,-163.2,3,1358.78,19812
6260,Medium,0.07,115.99,2.5,117,Linda Weiss,Regular Air,Home Office,Technology,Telephones and Communication,Small Box,StarTAC 7797,0.55,West,Washington,Seattle,98103,1/23/2013,1/25/2013,585.9468,52,5006.28,44295
8242,Low,0.07,1.76,0.7,117,Linda Weiss,Regular Air,Home Office,Office Supplies,Pens & Art Supplies,Wrap Bag,Newell 326,0.56,West,Washington,Seattle,98103,4/9/2013,4/16/2013,-3.36,11,18.7,58914
3230,Low,0.07,96.45,13.99,117,Linda Weiss,Regular Air,Home Office,Technology,Office Machines,Medium Box,Soundgear TeleForum DX Desktop Conference Phone,0.38,West,Washington,Seattle,98103,4/24/2013,4/29/2013,147.6,13,1191.73,23172
5055,High,0.02,3.28,5,117,Linda Weiss,Regular Air,Home Office,Office Supplies,Pens & Art Supplies,Wrap Bag,Newell 35,0.56,West,Washington,Seattle,98103,8/16/2013,8/18/2013,-89.06,52,190.52,36038
2327,High,0.04,2.61,0.5,117,Linda Weiss,Regular Air,Home Office,Office Supplies,Labels,Small Box,Avery 479,0.39,West,Washington,Seattle,98103,12/26/2013,12/28/2013,32.81,76,191.42,16772
18388,Not Specified,0.08,18.97,9.03,119,Judy Kennedy,Regular Air,Corporate,Office Supplies,Paper,Small Box,Computer Printout Paper with Letter-Trim Perforations,0.37,West,Utah,Kearns,84118,12/17/2011,12/19/2011,61.905,23,405.56,86521
20333,Low,0.08,30.44,1.49,119,Judy Kennedy,Regular Air,Corporate,Office Supplies,Binders and Binder Accessories,Small Box,"Premier Elliptical Ring Binder, Black",0.37,West,Utah,Kearns,84118,12/30/2012,1/1/2013,304.3452,15,441.08,86524
20334,Low,0.04,6.48,5.74,119,Judy Kennedy,Regular Air,Corporate,Office Supplies,Paper,Small Box,Xerox 1994,0.37,West,Utah,Kearns,84118,12/30/2012,1/1/2013,-26.105,13,86.17,86524
19510,Critical,0.09,115.99,5.99,119,Judy Kennedy,Express Air,Corporate,Technology,Telephones and Communication,Small Box,2160,0.57,West,Utah,Kearns,84118,2/10/2013,2/12/2013,-90.123,4,366.1,86525
18129,Low,0.02,6.48,5.9,119,Judy Kennedy,Regular Air,Corporate,Office Supplies,Paper,Small Box,Xerox 1976,0.37,West,Utah,Kearns,84118,4/18/2013,4/22/2013,-17.58,2,15.27,86526
20688,High,0.05,6.3,0.5,120,Helen H Murphy,Regular Air,Corporate,Office Supplies,Labels,Small Box,Avery 51,0.39,West,Utah,Layton,84041,7/12/2010,7/13/2010,41.2965,10,59.85,86520
20689,High,0.09,205.99,3,120,Helen H Murphy,Express Air,Corporate,Technology,Telephones and Communication,Small Box,6185,0.58,West,Utah,Layton,84041,7/12/2010,7/14/2010,1179.0237,10,1708.73,86520
23671,Medium,0.06,8.67,3.5,120,Helen H Murphy,Express Air,Corporate,Office Supplies,Appliances,Small Box,Staples 4 Outlet Surge Protector,0.58,West,Utah,Layton,84041,2/3/2012,2/5/2012,2.71,13,116.54,86522
25553,Medium,0.05,140.98,36.09,120,Helen H Murphy,Delivery Truck,Corporate,Furniture,Bookcases,Jumbo Box,"Sauder Forest Hills Library, Woodland Oak Finish",0.77,West,Utah,Layton,84041,8/11/2012,8/13/2012,-159.8792,11,1578.9,86523
25554,Medium,0.06,4.13,0.99,120,Helen H Murphy,Express Air,Corporate,Office Supplies,Labels,Small Box,Avery 491,0.39,West,Utah,Layton,84041,8/11/2012,8/12/2012,43.8012,14,63.48,86523
25359,Critical,0.02,35.41,1.99,122,Miriam Proctor,Regular Air,Home Office,Technology,Computer Peripherals,Small Pack,Imation DVD-RAM discs,0.43,West,California,Visalia,93277,4/11/2012,4/13/2012,341.9226,14,495.54,90670
25360,Critical,0.01,42.76,6.22,122,Miriam Proctor,Regular Air,Home Office,Office Supplies,Storage & Organization,Small Box,"SAFCO Mobile Desk Side File, Wire Frame",,West,California,Visalia,93277,4/11/2012,4/12/2012,217.9365,7,315.85,90670
21183,Medium,0.08,27.48,4,122,Miriam Proctor,Regular Air,Home Office,Technology,Computer Peripherals,Small Box,Belkin MediaBoard 104- Keyboard,0.75,West,California,Visalia,93277,4/30/2012,5/1/2012,-103.23,1,26.28,90671
26165,High,0.1,7.1,6.05,122,Miriam Proctor,Regular Air,Home Office,Office Supplies,Binders and Binder Accessories,Small Box,"Wilson Jones Hanging View Binder, White, 1""",0.39,West,California,Visalia,93277,8/30/2013,8/31/2013,-48.41868,23,160.29,90672
26166,High,0.01,119.99,56.14,122,Miriam Proctor,Delivery Truck,Home Office,Technology,Office Machines,Jumbo Box,Hewlett-Packard 2600DN Business Color Inkjet Printer,0.39,West,California,Visalia,93277,8/30/2013,8/30/2013,-41.7350832,8,1006.9,90672
19942,Critical,0.06,8.57,6.14,123,Shawn Stern,Regular Air,Home Office,Office Supplies,"Scissors, Rulers and Trimmers",Small Pack,Acme® Office Executive Series Stainless Steel Trimmers,0.59,South,Virginia,Tysons Corner,22102,10/9/2010,10/10/2010,105.678,11,94.97,90669
19941,Critical,0.1,37.94,5.08,123,Shawn Stern,Express Air,Home Office,Office Supplies,Paper,Wrap Bag,"Snap-A-Way® Black Print Carbonless Ruled Speed Letter, Triplicate",0.38,South,Virginia,Tysons Corner,22102,10/9/2013,10/11/2013,5.268,13,468.69,90673
18605,Not Specified,0.04,9.99,5.12,125,Linda Faulkner,Regular Air,Consumer,Office Supplies,Paper,Small Box,Xerox 1948,0.4,Central,Texas,Rowlett,75088,10/6/2012,10/8/2012,23.0276,19,195.71,88518
21125,Critical,0.1,4.54,5.83,125,Linda Faulkner,Regular Air,Consumer,Office Supplies,Binders and Binder Accessories,Small Box,"Avery® Durable Plastic 1"" Binders",0.36,Central,Texas,Rowlett,75088,8/29/2013,8/31/2013,-6.226652,2,12.47,88520
23112,Medium,0.03,6.08,0.91,126,James Osborne,Regular Air,Consumer,Office Supplies,Pens & Art Supplies,Wrap Bag,Zebra Zazzle Fluorescent Highlighters,0.51,Central,Texas,San Angelo,76903,9/10/2011,9/10/2011,0.43,3,18.33,88517
21126,Critical,0.01,3.28,3.97,126,James Osborne,Regular Air,Consumer,Office Supplies,Pens & Art Supplies,Wrap Bag,Newell 337,0.56,Central,Texas,San Angelo,76903,8/29/2013,8/31/2013,-39.13096,20,72.17,88520
24599,Medium,0.06,4.82,1.49,127,Ross Wang Bates,Regular Air,Consumer,Office Supplies,Binders and Binder Accessories,Small Box,Tuff Stuff™ Recycled Round Ring Binders,0.36,Central,Texas,San Antonio,78207,5/7/2013,5/9/2013,7.2505,3,15.13,88519
24600,Medium,0.02,175.99,8.99,127,Ross Wang Bates,Regular Air,Consumer,Technology,Telephones and Communication,Small Box,2180,0.57,Central,Texas,San Antonio,78207,5/7/2013,5/9/2013,494.631,6,941.17,88519
23113,Medium,0.02,22.01,5.53,127,Ross Wang Bates,Regular Air,Consumer,Office Supplies,Pens & Art Supplies,Small Pack,Boston 16801 Nautilus™ Battery Pencil Sharpener,0.59,Central,Texas,San Antonio,78207,9/10/2013,9/11/2013,113.7996,23,503.96,88521
24319,Not Specified,0.02,1.74,4.08,129,Kara Allison,Regular Air,Small Business,Furniture,Office Furnishings,Small Pack,"Eldon Regeneration Recycled Desk Accessories, Smoke",0.53,Central,Illinois,Alton,62002,7/27/2010,7/28/2010,-37.39,5,10.23,86693
18161,Not Specified,0.07,15.74,1.39,129,Kara Allison,Regular Air,Small Business,Office Supplies,Envelopes,Small Box,"#10-4 1/8"" x 9 1/2"" Premium Diagonal Seam Envelopes",0.4,Central,Illinois,Alton,62002,11/25/2010,11/26/2010,149.8887,14,217.23,86694
19544,High,0.1,111.03,8.64,129,Kara Allison,Regular Air,Small Business,Office Supplies,Storage & Organization,Small Box,Fellowes Recycled Storage Drawers,0.78,Central,Illinois,Alton,62002,11/29/2013,11/30/2013,973.57568,43,4648.35,86698
25021,Critical,0.09,2.89,0.5,130,Norman Owens,Regular Air,Small Business,Office Supplies,Labels,Small Box,Avery 498,0.38,Central,Illinois,Arlington Heights,60004,6/3/2012,6/5/2012,13.4757,7,19.53,86695
24446,Medium,0.05,20.99,0.99,130,Norman Owens,Regular Air,Small Business,Technology,Telephones and Communication,Wrap Bag,Accessory21,0.37,Central,Illinois,Arlington Heights,60004,8/25/2012,8/25/2012,228.873,19,331.7,86696
25285,Not Specified,0.06,115.99,56.14,130,Norman Owens,Delivery Truck,Small Business,Technology,Office Machines,Jumbo Drum,Hewlett-Packard Deskjet 5550 Color Inkjet Printer,0.4,Central,Illinois,Arlington Heights,60004,1/11/2013,1/13/2013,-425.899452,1,171.71,86697
21340,Critical,0.1,8.67,3.5,132,Ron Dillon,Express Air,Corporate,Office Supplies,Appliances,Small Box,Staples 4 Outlet Surge Protector,0.58,West,Oregon,Lake Oswego,97035,9/20/2011,9/21/2011,-11.88,17,147.5,90995
23480,Medium,0.08,10.64,5.16,132,Ron Dillon,Regular Air,Corporate,Furniture,Office Furnishings,Small Box,"Eldon Expressions Punched Metal & Wood Desk Accessories, Pewter & Cherry",0.57,West,Oregon,Lake Oswego,97035,5/30/2013,5/31/2013,-14.27,14,145.57,90998
20527,Not Specified,0,70.97,3.5,132,Ron Dillon,Regular Air,Corporate,Office Supplies,Appliances,Small Box,Tripp Lite Isotel 8 Ultra 8 Outlet Metal Surge,0.59,West,Oregon,Lake Oswego,97035,11/30/2013,12/2/2013,30.2296,3,212.91,90999
20528,Not Specified,0.08,37.94,5.08,132,Ron Dillon,Regular Air,Corporate,Office Supplies,Paper,Wrap Bag,"Snap-A-Way® Black Print Carbonless Ruled Speed Letter, Triplicate",0.38,West,Oregon,Lake Oswego,97035,11/30/2013,12/1/2013,804.7263,32,1166.27,90999
23463,Low,0.03,70.89,89.3,133,Gayle Keith,Delivery Truck,Home Office,Furniture,Tables,Jumbo Box,KI Conference Tables,0.69,West,Oregon,Mcminnville,97128,3/14/2011,3/21/2011,-1565.89,6,364.43,90994
21589,Low,0.04,35.89,14.72,133,Gayle Keith,Regular Air,Corporate,Office Supplies,Envelopes,Small Box,Jet-Pak Recycled Peel 'N' Seal Padded Mailers,0.4,West,Oregon,Mcminnville,97128,3/5/2012,3/7/2012,122.11,6,225.04,90996
20979,High,0.04,22.24,1.99,133,Gayle Keith,Express Air,Corporate,Technology,Computer Peripherals,Small Pack,"Verbatim DVD-R, 3.95GB, SR, Mitsubishi Branded, Jewel",0.43,West,Oregon,Mcminnville,97128,5/8/2013,5/8/2013,80.2332,5,116.28,90997
20529,Not Specified,0.06,2036.48,14.7,134,Natalie Raynor,Delivery Truck,Corporate,Technology,Office Machines,Jumbo Drum,Lexmark 4227 Plus Dot Matrix Printer,0.55,West,Oregon,Medford,97504,11/30/2013,12/2/2013,2251.573642,3,5972.59,90999
25762,Critical,0.04,18.97,9.54,136,Dale Gillespie,Regular Air,Small Business,Office Supplies,Paper,Small Box,Xerox 1939,0.37,West,California,Petaluma,94952,11/16/2010,11/17/2010,3.04,5,101.74,88534
25764,Critical,0.09,10.98,3.37,136,Dale Gillespie,Regular Air,Small Business,Office Supplies,"Scissors, Rulers and Trimmers",Small Pack,Fiskars® Softgrip Scissors,0.57,West,California,Petaluma,94952,11/16/2010,11/17/2010,2.706,8,84.52,88534
26309,High,0.06,6.68,5.2,136,Dale Gillespie,Regular Air,Small Business,Office Supplies,Paper,Small Box,Xerox 1977,0.37,West,California,Petaluma,94952,5/2/2013,5/2/2013,-38.57,8,52.97,88538
25763,Critical,0.02,2.88,0.7,136,Dale Gillespie,Regular Air,Small Business,Office Supplies,Pens & Art Supplies,Wrap Bag,Newell 340,0.56,West,California,Petaluma,94952,11/16/2013,11/19/2013,76.31008,44,134.75,88539
25322,Not Specified,0.09,14.45,7.17,137,Kristen Hinton,Regular Air,Small Business,Office Supplies,Binders and Binder Accessories,Small Box,"Acco Recycled 2"" Capacity Laser Printer Hanging Data Binders",0.38,East,Massachusetts,Clinton,1510,10/26/2012,10/27/2012,-3.05532,9,126.47,88535
18609,Low,0.1,193.17,19.99,138,Kevin Schmidt,Regular Air,Small Business,Office Supplies,Storage & Organization,Small Box,Fellowes Staxonsteel® Drawer Files,0.71,East,Massachusetts,Longmeadow,1106,2/9/2013,2/13/2013,-319.02,1,190.8,88537
21809,High,0.02,35.99,1.1,139,Elsie Hewitt,Regular Air,Small Business,Technology,Telephones and Communication,Small Box,Accessory35,0.55,East,Massachusetts,Wakefield,1880,12/31/2012,1/2/2013,-82.7695,1,30.28,88536
20700,Critical,0.07,10.23,4.68,141,Toni Daly,Regular Air,Corporate,Office Supplies,"Scissors, Rulers and Trimmers",Small Pack,Acme® Box Cutter Scissors,0.59,West,California,Visalia,93277,1/14/2011,1/15/2011,-30.8512,2,20.45,91091
21055,Not Specified,0.06,11.58,6.97,141,Toni Daly,Regular Air,Small Business,Office Supplies,Envelopes,Small Box,"Peel & Seel® Recycled Catalog Envelopes, Brown",0.35,West,California,Visalia,93277,1/24/2012,1/26/2012,-15.7108,12,135.14,91093
24803,Critical,0.03,22.84,11.54,142,Brooke Weeks Taylor,Regular Air,Small Business,Office Supplies,Paper,Small Box,Xerox 1964,0.39,East,Connecticut,Ansonia,6401,6/2/2010,6/3/2010,91.956,13,312.59,91087
21054,Not Specified,0.01,2.94,0.96,143,Leigh Ivey,Regular Air,Small Business,Office Supplies,Pens & Art Supplies,Wrap Bag,Newell 343,0.58,East,Connecticut,Norwich,6360,1/24/2012,1/26/2012,3.0856,8,24.27,91093
24805,Critical,0.05,10.98,3.37,144,Marguerite Moss,Regular Air,Small Business,Office Supplies,"Scissors, Rulers and Trimmers",Small Pack,Fiskars® Softgrip Scissors,0.57,East,Massachusetts,Yarmouth,2664,6/2/2010,6/3/2010,-2.544,6,64.4,91087
24849,Medium,0.06,7.04,2.17,145,Rhonda Ivey,Regular Air,Small Business,Office Supplies,Paper,Wrap Bag,"Wirebound Message Books, 2 7/8"" x 5"", 3 Forms per Page",0.38,East,Pennsylvania,West Mifflin,15122,1/15/2010,1/17/2010,2.4852,2,14.65,91086
25582,Low,0.07,154.13,69,145,Rhonda Ivey,Express Air,Home Office,Furniture,Tables,Large Box,Laminate Occasional Tables,0.68,East,Pennsylvania,West Mifflin,15122,9/16/2010,9/16/2010,-634.7341,3,453.62,91089
26053,High,0.07,3.75,0.5,145,Rhonda Ivey,Regular Air,Corporate,Office Supplies,Labels,Small Box,Avery 496,0.37,East,Pennsylvania,West Mifflin,15122,3/15/2012,3/16/2012,24.6399,10,35.71,91094
25570,Critical,0.03,5.68,1.46,145,Rhonda Ivey,Regular Air,Small Business,Office Supplies,Paper,Wrap Bag,"Adams Write n' Stick Phone Message Book, 11"" X 5 1/4"", 200 Messages",0.39,East,Pennsylvania,West Mifflin,15122,9/2/2013,9/3/2013,71.1504,18,105.88,91098
25571,Critical,0.07,1.68,1,145,Rhonda Ivey,Regular Air,Small Business,Office Supplies,Pens & Art Supplies,Wrap Bag,Prang Dustless Chalk Sticks,0.35,East,Pennsylvania,West Mifflin,15122,9/2/2013,9/3/2013,1.5336,20,34.27,91098
23365,Not Specified,0.01,45.98,4.8,146,Yvonne Fox,Regular Air,Small Business,Furniture,Office Furnishings,Wrap Bag,Tenex B1-RE Series Chair Mats for Low Pile Carpets,0.68,Central,Texas,Watauga,76148,9/12/2010,9/13/2010,133.5771,4,193.59,91088
22907,Medium,0.06,180.98,26.2,146,Yvonne Fox,Delivery Truck,Corporate,Furniture,Chairs & Chairmats,Jumbo Drum,Global Ergonomic Managers Chair,0.59,Central,Texas,Watauga,76148,10/23/2010,10/24/2010,251.4084,5,929.57,91090
23194,Low,0.04,80.98,4.5,146,Yvonne Fox,Regular Air,Small Business,Office Supplies,Appliances,Small Box,Belkin 8 Outlet SurgeMaster II Gold Surge Protector with Phone Protection,0.59,Central,Texas,Watauga,76148,5/25/2013,5/25/2013,836.8044,15,1212.76,91096
23195,Low,0,33.29,8.74,146,Yvonne Fox,Regular Air,Small Business,Office Supplies,Storage & Organization,Small Box,Fellowes Bases and Tops For Staxonsteel®/High-Stak® Systems,0.61,Central,Texas,Watauga,76148,5/25/2013,5/29/2013,185.37,12,430.28,91096
23364,Not Specified,0.07,1.88,1.49,146,Yvonne Fox,Regular Air,Small Business,Office Supplies,Binders and Binder Accessories,Small Box,Staples® General Use 3-Ring Binders,0.37,Central,Texas,Watauga,76148,9/12/2013,9/14/2013,-15.82768,17,31.38,91099
22908,Medium,0.01,7.28,7.98,146,Yvonne Fox,Regular Air,Corporate,Furniture,Office Furnishings,Wrap Bag,"Master Caster Door Stop, Large Neon Orange",0.42,Central,Texas,Watauga,76148,10/23/2013,10/25/2013,-60.61,13,104.4,91100
24804,Critical,0.06,9.99,6.24,147,Bryan Pate,Regular Air,Small Business,Technology,Office Machines,Medium Box,Canon F603 Scientific Calculator,0.36,East,Vermont,Colchester,5439,6/2/2013,6/3/2013,-23.43432,1,12.98,91097
21581,Low,0.03,9.93,1.09,148,Sidney Cox,Regular Air,Small Business,Office Supplies,Pens & Art Supplies,Wrap Bag,Peel-Off® China Markers,0.43,East,Vermont,Essex Junction,5451,7/22/2012,7/22/2012,42.1107,6,61.03,91095
23672,Not Specified,0,46.89,5.1,149,Stuart Chan,Regular Air,Small Business,Office Supplies,Appliances,Medium Box,Bionaire Personal Warm Mist Humidifier/Vaporizer,0.46,East,Vermont,South Burlington,5403,9/24/2011,9/27/2011,72.55,3,151.29,91092
19058,Critical,0.09,32.98,5.5,151,Geoffrey Zhu,Regular Air,Home Office,Technology,Computer Peripherals,Small Box,PC Concepts 116 Key Quantum 3000 Keyboard,0.75,South,Tennessee,Kingsport,37664,1/22/2010,1/23/2010,-20.258,2,62.46,89521
20679,High,0.09,5.98,2.5,151,Geoffrey Zhu,Regular Air,Home Office,Office Supplies,Envelopes,Small Box,Wausau Papers Astrobrights® Colored Envelopes,0.36,South,Tennessee,Kingsport,37664,4/20/2010,4/22/2010,13.896,5,28.11,89523
19360,Low,0.05,15.67,1.39,151,Geoffrey Zhu,Regular Air,Home Office,Office Supplies,Envelopes,Small Box,"#10 White Business Envelopes,4 1/8 x 9 1/2",0.38,South,Tennessee,Kingsport,37664,5/14/2012,5/14/2012,-61.24104,9,139.34,89528
19518,Medium,0,30.93,3.92,151,Geoffrey Zhu,Regular Air,Small Business,Furniture,Office Furnishings,Small Pack,"Advantus Employee of the Month Certificate Frame, 11 x 13-1/2",0.44,South,Tennessee,Kingsport,37664,10/4/2012,10/6/2012,-50.05,7,227,89530
19519,Medium,0.08,19.98,5.86,151,Geoffrey Zhu,Express Air,Small Business,Office Supplies,Paper,Small Box,Xerox 191,0.38,South,Tennessee,Kingsport,37664,10/4/2012,10/6/2012,-877.254,3,62.12,89530
21103,Critical,0.09,2.88,0.7,152,Kent Kerr,Regular Air,Consumer,Office Supplies,Pens & Art Supplies,Wrap Bag,Newell 335,0.56,South,Tennessee,Knoxville,37918,1/15/2010,1/16/2010,-172.718,2,5.5,89520
22243,Low,0.01,79.52,48.2,152,Kent Kerr,Regular Air,Home Office,Furniture,Office Furnishings,Medium Box,Eldon Cleatmat Plus™ Chair Mats for High Pile Carpets,0.74,South,Tennessee,Knoxville,37918,4/19/2010,4/26/2010,-40.684,8,667.84,89522
21767,High,0.01,65.99,8.99,152,Kent Kerr,Regular Air,Consumer,Technology,Telephones and Communication,Small Box,StarTAC Analog,0.6,South,Tennessee,Knoxville,37918,9/29/2010,10/1/2010,97.86,5,292.23,89524
22470,Low,0.1,39.98,4,152,Kent Kerr,Regular Air,Small Business,Technology,Computer Peripherals,Small Box,Microsoft Natural Keyboard Elite,0.7,South,Tennessee,Knoxville,37918,12/18/2010,12/22/2010,360.24,21,772.56,89525
21389,Medium,0.06,95.99,4.9,152,Kent Kerr,Regular Air,Home Office,Technology,Telephones and Communication,Small Box,T60,0.56,South,Tennessee,Knoxville,37918,2/1/2012,2/2/2012,34.8,12,993.98,89526
22431,Low,0.05,43.22,4,152,Kent Kerr,Express Air,Home Office,Technology,Computer Peripherals,Small Box,"Fellowes Mobile Numeric Keypad, Graphite",0.64,South,Tennessee,Knoxville,37918,3/21/2013,3/25/2013,-149.52,6,262.76,89532
22432,Low,0,205.99,5.26,152,Kent Kerr,Express Air,Home Office,Technology,Telephones and Communication,Small Box,i470,0.56,South,Tennessee,Knoxville,37918,3/21/2013,3/30/2013,-3.122,6,1053.61,89532
23318,Medium,0.03,6.78,6.18,153,Glenda Rosen,Regular Air,Consumer,Office Supplies,Paper,Small Box,Strathmore Photo Mount Cards,0.39,South,Tennessee,La Vergne,37086,4/23/2012,4/25/2012,39.816,13,94.12,89527
24039,Critical,0.1,10.14,2.27,153,Glenda Rosen,Regular Air,Small Business,Office Supplies,Paper,Wrap Bag,"Staples Wirebound Steno Books, 6"" x 9"", 12/Pack",0.36,South,Tennessee,La Vergne,37086,10/13/2012,10/15/2012,30.738,13,120.96,89531
24436,Critical,0.03,11.66,7.95,153,Glenda Rosen,Express Air,Consumer,Office Supplies,Pens & Art Supplies,Small Pack,"Hunt BOSTON® Vista® Battery-Operated Pencil Sharpener, Black",0.58,South,Tennessee,La Vergne,37086,7/17/2013,7/19/2013,-19.2878,16,189.79,89533
24162,High,0.07,3.29,1.35,153,Glenda Rosen,Regular Air,Small Business,Office Supplies,Rubber Bands,Wrap Bag,Acco® Hot Clips™ Clips to Go,0.4,South,Tennessee,La Vergne,37086,10/30/2013,10/30/2013,-969.948,2,7.08,89535
24163,High,0,15.73,7.42,153,Glenda Rosen,Express Air,Small Business,Office Supplies,"Scissors, Rulers and Trimmers",Small Pack,Acme Galleria® Hot Forged Steel Scissors with Colored Handles,0.56,South,Tennessee,La Vergne,37086,10/30/2013,10/31/2013,213.888,20,341.74,89535
24164,High,0.06,34.76,8.22,153,Glenda Rosen,Regular Air,Small Business,Office Supplies,Storage & Organization,Small Box,"Multi-Use Personal File Cart and Caster Set, Three Stacking Bins",0.57,South,Tennessee,La Vergne,37086,10/30/2013,11/1/2013,-847.5236,5,175.65,89535
25542,Not Specified,0.1,419.19,19.99,154,Marion Jordan,Regular Air,Small Business,Office Supplies,Storage & Organization,Small Box,Smead Adjustable Mobile File Trolley with Lockable Top,0.58,South,Tennessee,Lebanon,37087,9/4/2012,9/6/2012,300.906,10,3772.71,89529
25394,High,0.01,19.98,5.86,154,Marion Jordan,Regular Air,Home Office,Office Supplies,Paper,Small Box,Xerox 191,0.38,South,Tennessee,Lebanon,37087,8/28/2013,8/30/2013,-2299.71,23,489.72,89534
22329,Critical,0.01,95.99,4.9,156,Diana Xu,Regular Air,Corporate,Technology,Telephones and Communication,Small Box,T60,0.56,West,Colorado,Fort Collins,80525,5/14/2010,5/15/2010,713.88,13,1050.08,87671
20324,High,0.03,10.89,4.5,156,Diana Xu,Regular Air,Corporate,Office Supplies,Appliances,Small Box,Belkin 6 Outlet Metallic Surge Strip,0.59,West,Colorado,Fort Collins,80525,7/25/2010,7/26/2010,-18.64,3,33.82,87672
18351,High,0.06,14.48,6.46,156,Diana Xu,Regular Air,Corporate,Office Supplies,Binders and Binder Accessories,Small Box,"GBC White Gloss Covers, Plain Front",0.38,West,Colorado,Fort Collins,80525,7/14/2011,7/17/2011,8.8995,6,83.6,87673
18352,High,0.01,35.99,0.99,156,Diana Xu,Regular Air,Corporate,Technology,Telephones and Communication,Small Pack,Accessory31,0.35,West,Colorado,Fort Collins,80525,7/14/2011,7/16/2011,150.6684,7,218.36,87673
22567,Low,0.03,165.98,19.99,156,Diana Xu,Regular Air,Corporate,Office Supplies,Binders and Binder Accessories,Small Box,GBC DocuBind P100 Manual Binding Machine,0.4,West,Colorado,Fort Collins,80525,2/2/2013,2/7/2013,716.7996,6,1038.84,87675
26219,Low,0.1,8.01,2.87,157,Terry Benson,Regular Air,Corporate,Office Supplies,Paper,Wrap Bag,"TOPS Money Receipt Book, Consecutively Numbered in Red,",0.4,West,Colorado,Fountain,80817,1/21/2013,1/28/2013,-8.5312,1,8.36,87674
22568,Low,0.01,1.6,1.29,157,Terry Benson,Regular Air,Corporate,Office Supplies,Pens & Art Supplies,Wrap Bag,Sanford Pocket Accent® Highlighters,0.42,West,Colorado,Fountain,80817,2/2/2013,2/7/2013,-15.13,10,16.64,87675
18956,Low,0.08,10.9,7.46,159,Gail Welch,Express Air,Consumer,Office Supplies,Storage & Organization,Small Box,Crate-A-Files™,0.59,Central,Illinois,Oak Forest,60452,6/4/2011,6/8/2011,-113.016,15,163.56,89372
25404,Medium,0,21.98,2.87,159,Gail Welch,Regular Air,Consumer,Office Supplies,Pens & Art Supplies,Small Pack,Panasonic KP-310 Heavy-Duty Electric Pencil Sharpener,0.55,Central,Illinois,Oak Forest,60452,11/25/2011,11/27/2011,394.8111,24,572.19,89373
26282,Medium,0.09,12.53,0.5,159,Gail Welch,Regular Air,Consumer,Office Supplies,Labels,Small Box,Avery 485,0.38,Central,Illinois,Oak Forest,60452,9/8/2013,9/8/2013,23.6736,4,47.89,89374
26283,Medium,0.03,5.85,2.27,159,Gail Welch,Regular Air,Consumer,Office Supplies,Pens & Art Supplies,Wrap Bag,"Dixon My First Ticonderoga Pencil, #2",0.56,Central,Illinois,Oak Forest,60452,9/8/2013,9/9/2013,8.046,19,115.48,89374
26252,Medium,0.09,8.5,1.99,161,Edgar Oakley,Regular Air,Small Business,Technology,Computer Peripherals,Small Pack,Hewlett-Packard 4.7GB DVD+R Discs,0.49,Central,Texas,Saginaw,76131,5/26/2013,5/27/2013,23.5,10,79.52,89967
26253,Medium,0.02,8.34,0.96,161,Edgar Oakley,Regular Air,Small Business,Furniture,Office Furnishings,Wrap Bag,Document Clip Frames,0.43,Central,Texas,Saginaw,76131,5/26/2013,5/27/2013,59.9817,10,86.93,89967
26254,Medium,0.02,48.91,5.81,161,Edgar Oakley,Regular Air,Small Business,Office Supplies,Paper,Small Box,Xerox 1891,0.38,Central,Texas,Saginaw,76131,5/26/2013,5/28/2013,358.4412,10,519.48,89967
19313,Low,0.09,120.98,9.07,162,Erin Erickson,Regular Air,Home Office,Office Supplies,Binders and Binder Accessories,Small Box,GBC VeloBinder Electric Binding Machine,0.35,West,Washington,Redmond,98052,1/16/2013,1/20/2013,683.6727,9,990.83,89965
22102,Low,0.04,92.23,39.61,162,Erin Erickson,Express Air,Home Office,Furniture,Office Furnishings,Medium Box,"Deflect-o RollaMat Studded, Beveled Mat for Medium Pile Carpeting",0.67,West,Washington,Redmond,98052,5/29/2013,5/29/2013,80.8,6,575.69,89968
22103,Low,0.04,2.88,0.7,162,Erin Erickson,Regular Air,Home Office,Office Supplies,Pens & Art Supplies,Wrap Bag,Newell 340,0.56,West,Washington,Redmond,98052,5/29/2013,5/29/2013,8.13,8,22.78,89968
21170,Critical,0.05,262.11,62.74,162,Erin Erickson,Delivery Truck,Home Office,Furniture,Tables,Jumbo Box,Bevis Boat-Shaped Conference Table,0.75,West,Washington,Redmond,98052,11/21/2013,11/23/2013,343.39248,24,6031.88,89969
22531,Critical,0.01,5.84,1.2,163,Jeff Bunn,Regular Air,Home Office,Office Supplies,Pens & Art Supplies,Wrap Bag,Newell 312,0.55,West,Washington,Renton,98059,11/4/2011,11/6/2011,95.766,30,179.68,89963
22104,Low,0.02,205.99,8.99,163,Jeff Bunn,Regular Air,Home Office,Technology,Telephones and Communication,Small Box,Talkabout T8097,0.58,West,Washington,Renton,98059,5/29/2013,5/31/2013,-54.362,4,693.22,89968
26102,Medium,0.05,100.98,35.84,164,Robin Kramer Vaughn,Delivery Truck,Home Office,Furniture,Bookcases,Jumbo Box,"Bush Westfield Collection Bookcases, Fully Assembled",0.62,West,Washington,Richland,99352,7/2/2010,7/4/2010,-111.4,7,715.55,89961
26103,Medium,0.02,4.98,5.49,164,Robin Kramer Vaughn,Regular Air,Home Office,Office Supplies,Paper,Small Box,Xerox 1952,0.38,West,Washington,Richland,99352,7/2/2010,7/3/2010,-77.03,9,45.63,89961
23005,High,0.05,6.48,9.17,164,Robin Kramer Vaughn,Regular Air,Home Office,Office Supplies,Paper,Small Box,Xerox 1996,0.37,West,Washington,Richland,99352,10/2/2011,10/4/2011,-275.0544,22,143.7,89962
24288,Critical,0.06,3.28,3.97,164,Robin Kramer Vaughn,Regular Air,Small Business,Office Supplies,Pens & Art Supplies,Wrap Bag,Newell 342,0.56,West,Washington,Richland,99352,6/29/2012,6/29/2012,-37.856,7,23.87,89964
24945,Not Specified,0.03,150.98,66.27,164,Robin Kramer Vaughn,Delivery Truck,Home Office,Furniture,Bookcases,Jumbo Box,Bush Mission Pointe Library,0.65,West,Washington,Richland,99352,3/8/2013,3/9/2013,-519.94,8,1259,89966
21040,Low,0.08,399.98,12.06,166,Vicki Hauser,Delivery Truck,Consumer,Technology,Office Machines,Jumbo Box,Okidata ML320 Series Turbo Dot Matrix Printers,0.56,South,Tennessee,Lebanon,37087,1/11/2010,1/18/2010,28.5141,5,1839.91,89426
20580,Medium,0.1,2.88,0.5,166,Vicki Hauser,Regular Air,Consumer,Office Supplies,Labels,Small Box,Avery 504,0.36,South,Tennessee,Lebanon,37087,9/26/2011,9/27/2011,374.9868,17,46.5,89428
18994,Medium,0,65.99,8.99,166,Vicki Hauser,Regular Air,Consumer,Technology,Telephones and Communication,Small Box,8260,0.58,South,Tennessee,Lebanon,37087,2/13/2012,2/15/2012,-46.676,8,486.81,89429
18995,Medium,0.02,20.99,0.99,166,Vicki Hauser,Regular Air,Consumer,Technology,Telephones and Communication,Wrap Bag,Accessory21,0.37,South,Tennessee,Lebanon,37087,2/13/2012,2/15/2012,-281.7864,5,89.17,89429
23700,High,0.09,67.28,19.99,167,Carla Braun,Regular Air,Consumer,Office Supplies,Binders and Binder Accessories,Small Box,Catalog Binders with Expanding Posts,0.4,South,Tennessee,Maryville,37804,6/23/2011,6/25/2011,12.774,9,580.89,89427
23701,High,0.1,42.76,6.22,167,Carla Braun,Regular Air,Consumer,Office Supplies,Storage & Organization,Small Box,"SAFCO Mobile Desk Side File, Wire Frame",,South,Tennessee,Maryville,37804,6/23/2011,6/24/2011,-66.556,7,287.97,89427
24702,Not Specified,0.04,4.91,0.5,167,Carla Braun,Regular Air,Consumer,Office Supplies,Labels,Small Box,Avery 493,0.36,South,Tennessee,Maryville,37804,12/17/2012,12/18/2012,-25.242,18,89.08,89430
19315,Low,0.08,43.22,16.71,169,Janice Cole,Regular Air,Corporate,Technology,Computer Peripherals,Small Box,"Fellowes Mobile Numeric Keypad, Graphite",0.66,South,Louisiana,Baton Rouge,70802,1/3/2010,1/5/2010,280.27458,3,130.62,87463
19316,Low,0.05,574.74,24.49,169,Janice Cole,Regular Air,Corporate,Technology,Office Machines,Large Box,Polycom ViaVideo™ Desktop Video Communications Unit,0.37,South,Louisiana,Baton Rouge,70802,1/3/2010,1/10/2010,-112.4263,12,6945.16,87463
19317,Low,0.04,10.14,2.27,169,Janice Cole,Regular Air,Corporate,Office Supplies,Paper,Wrap Bag,"Staples Wirebound Steno Books, 6"" x 9"", 12/Pack",0.36,South,Louisiana,Baton Rouge,70802,1/3/2010,1/7/2010,24.924,3,30.94,87463
20953,Critical,0.04,300.98,64.73,169,Janice Cole,Delivery Truck,Corporate,Furniture,Chairs & Chairmats,Jumbo Drum,"Global Leather and Oak Executive Chair, Black",0.56,South,Louisiana,Baton Rouge,70802,1/12/2013,1/14/2013,13.044,6,1838.82,87467
20954,Critical,0.08,29.99,5.5,169,Janice Cole,Regular Air,Corporate,Technology,Computer Peripherals,Small Box,Logitech Cordless Access Keyboard,0.51,South,Louisiana,Baton Rouge,70802,1/12/2013,1/14/2013,-7.14,3,85.1,87467
19886,Medium,0.09,9.71,9.45,169,Janice Cole,Regular Air,Corporate,Office Supplies,Storage & Organization,Small Box,Filing/Storage Totes and Swivel Casters,0.6,South,Louisiana,Baton Rouge,70802,8/8/2013,8/8/2013,6.3342,1,13.92,87468
18302,High,0.01,40.99,17.48,170,Christopher Carlton,Regular Air,Corporate,Office Supplies,Paper,Small Box,Xerox 1893,0.36,East,Maine,Westbrook,4092,3/16/2011,3/18/2011,94.97,4,173.18,87465
19314,Critical,0.05,1.88,1.49,171,Christina Matthews,Regular Air,Corporate,Office Supplies,Binders and Binder Accessories,Small Box,Staples® General Use 3-Ring Binders,0.37,East,New Jersey,Fort Lee,7024,4/13/2010,4/15/2010,-2.9095,1,3.42,87464
23336,Critical,0.04,8.46,8.99,172,Norman Sawyer,Regular Air,Corporate,Technology,Computer Peripherals,Small Pack,"Imation 3.5 IBM Diskettes, 10/Box",0.79,Central,Texas,Gainesville,76240,7/14/2011,7/16/2011,-380.2,14,120.87,87466
20955,Critical,0,4.98,7.44,172,Norman Sawyer,Regular Air,Corporate,Office Supplies,Paper,Small Box,Xerox 1922,0.36,Central,Texas,Gainesville,76240,1/12/2013,1/15/2013,-140.5168,7,37.83,87467
23552,Critical,0,5.74,5.3,174,Amanda Huang,Express Air,Corporate,Office Supplies,"Scissors, Rulers and Trimmers",Small Pack,Acme Kleencut® Forged Steel Scissors,0.55,Central,Texas,Saginaw,76131,7/17/2011,7/18/2011,-71.96,9,57.34,90650
19935,High,0,4.84,0.71,174,Amanda Huang,Regular Air,Corporate,Office Supplies,Pens & Art Supplies,Wrap Bag,*Staples* Highlighting Markers,0.52,Central,Texas,Saginaw,76131,8/11/2011,8/11/2011,7.4444,3,15.99,90651
26018,High,0.09,100.98,35.84,175,Angela Bernstein,Delivery Truck,Corporate,Furniture,Bookcases,Jumbo Box,"Bush Westfield Collection Bookcases, Fully Assembled",0.62,West,Washington,Seatac,98158,4/20/2011,4/22/2011,-220.84,5,487.27,90649
26017,High,0.07,22.38,15.1,175,Angela Bernstein,Regular Air,Corporate,Office Supplies,Binders and Binder Accessories,Small Box,"Avery Flip-Chart Easel Binder, Black",0.38,West,Washington,Seatac,98158,4/20/2013,4/20/2013,-111.3315,7,151.22,90652
24126,Critical,0.08,6.48,5.14,177,Brent Walters,Regular Air,Small Business,Office Supplies,Paper,Small Box,Xerox 23,0.37,Central,Texas,Corpus Christi,78415,3/9/2011,3/12/2011,-12.19,1,7.79,90827
24127,Critical,0.04,8.34,2.64,177,Brent Walters,Express Air,Small Business,Office Supplies,"Scissors, Rulers and Trimmers",Small Pack,Acme® Elite Stainless Steel Scissors,0.59,Central,Texas,Corpus Christi,78415,3/9/2011,3/10/2011,1.72,4,34.84,90827
24128,Critical,0.01,64.65,35,177,Brent Walters,Regular Air,Small Business,Office Supplies,Storage & Organization,Large Box,Space Solutions Commercial Steel Shelving,0.8,Central,Texas,Corpus Christi,78415,3/9/2011,3/9/2011,-468.64,5,339.34,90827
25046,Medium,0.09,63.98,11.55,177,Brent Walters,Regular Air,Small Business,Office Supplies,Binders and Binder Accessories,Small Box,GBC DocuBind P50 Personal Binding Machine,0.38,Central,Texas,Corpus Christi,78415,5/20/2012,5/22/2012,530.5203,13,768.87,90828
26129,High,0.07,7.68,6.16,177,Brent Walters,Regular Air,Small Business,Office Supplies,Binders and Binder Accessories,Small Box,GBC VeloBinder Strips,0.35,Central,Texas,Corpus Christi,78415,2/1/2013,2/3/2013,-88.9525,12,90.68,90829
26130,High,0.05,200.99,4.2,177,Brent Walters,Express Air,Small Business,Technology,Telephones and Communication,Small Box,2160i,0.59,Central,Texas,Corpus Christi,78415,2/1/2013,2/3/2013,-38.071,3,519.3,90829
21911,Medium,0.08,15.74,1.39,178,Sheryl Alexander,Regular Air,Small Business,Office Supplies,Envelopes,Small Box,"#10-4 1/8"" x 9 1/2"" Premium Diagonal Seam Envelopes",0.4,South,Virginia,Colonial Heights,23834,2/26/2011,2/27/2011,201.756,11,167.25,90826
21912,Medium,0.01,9.65,6.22,178,Sheryl Alexander,Express Air,Small Business,Furniture,Office Furnishings,Small Box,"Eldon Expressions™ Desk Accessory, Wood Pencil Holder, Oak",0.55,South,Virginia,Colonial Heights,23834,2/26/2011,2/28/2011,2.34,8,80.43,90826
23304,Medium,0.02,6.48,6.74,178,Sheryl Alexander,Regular Air,Small Business,Office Supplies,Paper,Small Box,Xerox 215,0.37,South,Virginia,Colonial Heights,23834,6/6/2013,6/7/2013,26.472,8,54.01,90830
20173,Critical,0.1,60.22,3.5,178,Sheryl Alexander,Express Air,Small Business,Office Supplies,Appliances,Small Box,"Fellowes Smart Surge Ten-Outlet Protector, Platinum",0.57,South,Virginia,Colonial Heights,23834,10/4/2013,10/7/2013,-35.574,21,1146.03,90831
20174,Critical,0.05,80.98,35,178,Sheryl Alexander,Regular Air,Small Business,Office Supplies,Storage & Organization,Large Box,"Carina 42""Hx23 3/4""W Media Storage Unit",0.83,South,Virginia,Colonial Heights,23834,10/4/2013,10/6/2013,130.0212,7,572.18,90831
20175,Critical,0.07,179.29,56.2,178,Sheryl Alexander,Delivery Truck,Small Business,Furniture,Tables,Jumbo Box,Bevis Round Conference Room Tables and Bases,0.71,South,Virginia,Colonial Heights,23834,10/4/2013,10/6/2013,-446.0316,4,748.42,90831
20077,Medium,0.03,420.98,19.99,180,Harold Briggs,Express Air,Consumer,Office Supplies,Binders and Binder Accessories,Small Box,GBC DocuBind 200 Manual Binding Machine,0.35,Central,Kansas,Olathe,66062,12/24/2012,12/24/2012,1456.8177,5,2111.33,90783
23315,High,0.09,291.73,48.8,180,Harold Briggs,Delivery Truck,Consumer,Furniture,Chairs & Chairmats,Jumbo Drum,Hon 4070 Series Pagoda™ Armless Upholstered Stacking Chairs,0.56,Central,Kansas,Olathe,66062,11/4/2013,11/4/2013,2004.43936,21,5731.02,90784
22200,Medium,0.07,140.98,36.09,180,Harold Briggs,Delivery Truck,Consumer,Furniture,Bookcases,Jumbo Box,"Sauder Forest Hills Library, Woodland Oak Finish",0.77,Central,Kansas,Olathe,66062,12/12/2013,12/14/2013,-214.86192,21,2854.42,90785
5361,Critical,0.02,49.99,19.99,181,Wesley Waller,Regular Air,Small Business,Technology,Computer Peripherals,Small Box,Zoom V.92 USB External Faxmodem,0.41,West,California,San Francisco,94122,2/21/2010,2/21/2010,-76.89,18,901.81,38087
522,High,0.07,1.68,1.57,181,Wesley Waller,Regular Air,Corporate,Office Supplies,Pens & Art Supplies,Wrap Bag,Newell 323,0.59,West,California,San Francisco,94122,11/22/2010,11/23/2010,-35.75,116,186.59,3585
1768,Low,0.02,15.04,1.97,181,Wesley Waller,Regular Air,Small Business,Office Supplies,Paper,Wrap Bag,White GlueTop Scratch Pads,0.39,West,California,San Francisco,94122,3/19/2011,3/21/2011,143.23,22,345.69,12643
3250,High,0.09,808.49,55.3,181,Wesley Waller,Delivery Truck,Small Business,Technology,Office Machines,Jumbo Drum,"Hewlett-Packard Business Color Inkjet 3000 [N, DTN] Series Printers",0.4,West,California,San Francisco,94122,11/3/2011,11/4/2011,-1748.3433,3,2383.74,23271
3600,Critical,0.02,3.69,0.5,181,Wesley Waller,Regular Air,Small Business,Office Supplies,Labels,Small Box,Avery 487,0.38,West,California,San Francisco,94122,1/16/2012,1/16/2012,6.168,13,49.43,25669
5946,Critical,0.08,2.61,0.5,181,Wesley Waller,Regular Air,Small Business,Office Supplies,Labels,Small Box,Avery 494,0.39,West,California,San Francisco,94122,3/21/2012,3/23/2012,35.92,52,125.43,42213
521,High,0.07,10.06,2.06,181,Wesley Waller,Regular Air,Corporate,Office Supplies,Paper,Wrap Bag,Riverleaf Stik-Withit® Designer Note Cubes®,0.39,West,California,San Francisco,94122,11/22/2013,11/22/2013,78.05,97,933.07,3585
1051,Not Specified,0.01,95.98,58.2,181,Wesley Waller,Delivery Truck,Corporate,Furniture,Chairs & Chairmats,Jumbo Drum,Global Deluxe Office Fabric Chairs,0.58,West,California,San Francisco,94122,12/23/2013,12/24/2013,-768.14,90,9095.8,7751
23946,Critical,0.08,2.61,0.5,182,Ryan Mann,Regular Air,Small Business,Office Supplies,Labels,Small Box,Avery 494,0.39,East,Maine,Brunswick,4011,3/21/2012,3/23/2012,21.6384,13,31.36,88365
19051,Not Specified,0.01,95.98,58.2,183,Dan Carver,Delivery Truck,Corporate,Furniture,Chairs & Chairmats,Jumbo Drum,Global Deluxe Office Fabric Chairs,0.58,East,Maine,Lewiston,4240,12/23/2013,12/24/2013,-258.09504,23,2324.48,88366
23361,Critical,0.02,49.99,19.99,184,Phillip Holmes,Regular Air,Small Business,Technology,Computer Peripherals,Small Box,Zoom V.92 USB External Faxmodem,0.41,East,Massachusetts,Arlington,2474,2/21/2010,2/21/2010,-76.89,5,250.5,88360
21600,Critical,0.02,3.69,0.5,185,Carolyn Blackwell,Regular Air,Small Business,Office Supplies,Labels,Small Box,Avery 487,0.38,East,Massachusetts,Falmouth,2540,1/16/2012,1/16/2012,7.8729,3,11.41,88364
21250,High,0.09,808.49,55.3,186,Johnny Finley,Delivery Truck,Small Business,Technology,Office Machines,Jumbo Drum,"Hewlett-Packard Business Color Inkjet 3000 [N, DTN] Series Printers",0.4,East,Massachusetts,Westborough,1580,11/3/2011,11/4/2011,349.66866,1,794.58,88363
19768,Low,0.02,15.04,1.97,187,Yvonne Faircloth,Regular Air,Small Business,Office Supplies,Paper,Wrap Bag,White GlueTop Scratch Pads,0.39,East,New Hampshire,Derry,3038,3/19/2011,3/21/2011,65.0532,6,94.28,88362
18521,High,0.07,10.06,2.06,188,Alex Harrell,Regular Air,Corporate,Office Supplies,Paper,Wrap Bag,Riverleaf Stik-Withit® Designer Note Cubes®,0.39,Central,Texas,Gainesville,76240,11/22/2010,11/22/2010,152.6556,23,221.24,88361
18522,High,0.07,1.68,1.57,188,Alex Harrell,Regular Air,Corporate,Office Supplies,Pens & Art Supplies,Wrap Bag,Newell 323,0.59,Central,Texas,Gainesville,76240,11/22/2010,11/23/2010,7.15,29,46.65,88361
18817,High,0.1,58.1,1.49,190,Lloyd Norris,Regular Air,Corporate,Office Supplies,Binders and Binder Accessories,Small Box,Avery Arch Ring Binders,0.38,Central,Illinois,Arlington Heights,60004,8/12/2010,8/13/2010,113.6499,3,164.71,89092
18818,High,0.01,80.48,4.5,191,Gerald Kearney,Regular Air,Corporate,Office Supplies,Appliances,Small Box,APC 7 Outlet Network SurgeArrest Surge Protector,0.55,Central,Illinois,Aurora,60505,8/12/2010,8/15/2010,-35.4744,1,79.68,89092
20520,Not Specified,0.05,3.8,1.49,191,Gerald Kearney,Regular Air,Corporate,Office Supplies,Binders and Binder Accessories,Small Box,Durable Pressboard Binders,0.38,Central,Illinois,Aurora,60505,10/9/2010,10/11/2010,14.467,14,53.26,89093
20521,Not Specified,0.09,30.73,4,191,Gerald Kearney,Regular Air,Corporate,Technology,Computer Peripherals,Small Box,Fellowes 17-key keypad for PS/2 interface,0.75,Central,Illinois,Aurora,60505,10/9/2010,10/9/2010,-99.9864,7,203.49,89093
20522,Not Specified,0,125.99,8.08,191,Gerald Kearney,Regular Air,Corporate,Technology,Telephones and Communication,Small Box,StarTAC ST7762,0.57,Central,Illinois,Aurora,60505,10/9/2010,10/10/2010,1348.59672,22,2356.01,89093
21604,High,0.08,39.48,1.99,191,Gerald Kearney,Regular Air,Corporate,Technology,Computer Peripherals,Small Pack,"80 Minute CD-R Spindle, 100/Pack - Staples",0.54,Central,Illinois,Aurora,60505,3/3/2013,3/3/2013,-59.2,2,74.82,89094
21605,High,0.04,38.76,13.26,191,Gerald Kearney,Regular Air,Corporate,Office Supplies,Paper,Small Box,Xerox 1892,0.36,Central,Illinois,Aurora,60505,3/3/2013,3/4/2013,108.01,4,158.33,89094
19663,Not Specified,0,213.45,14.7,193,Danny Hong,Delivery Truck,Corporate,Technology,Office Machines,Jumbo Drum,Panasonic KX-P2130 Dot Matrix Printer,0.59,West,Utah,Layton,84041,1/3/2010,1/5/2010,-560.81418,1,224.12,90430
20645,Medium,0.07,6.54,5.27,193,Danny Hong,Regular Air,Corporate,Office Supplies,Binders and Binder Accessories,Small Box,Wilson Jones® Four-Pocket Poly Binders,0.36,West,Utah,Layton,84041,9/30/2010,10/1/2010,-66.0445,21,140.3,90432
24273,Not Specified,0.02,6.48,9.17,194,Tammy Goldman,Regular Air,Corporate,Office Supplies,Paper,Small Box,Xerox 1996,0.37,West,Utah,Lehi,84043,1/10/2010,1/11/2010,-105.6852,4,28.2,90431
20646,Medium,0.09,3.29,1.35,194,Tammy Goldman,Regular Air,Corporate,Office Supplies,Rubber Bands,Wrap Bag,Acco® Hot Clips™ Clips to Go,0.4,West,Utah,Lehi,84043,9/30/2010,10/1/2010,15.66,23,71.55,90432
23064,High,0.09,140.98,53.48,194,Tammy Goldman,Delivery Truck,Corporate,Furniture,Bookcases,Jumbo Box,"Bush Heritage Pine Collection 5-Shelf Bookcase, Albany Pine Finish, *Special Order",0.65,West,Utah,Lehi,84043,8/20/2013,8/21/2013,-115.01424,2,297.37,90435
22558,Critical,0.08,7.28,11.15,194,Tammy Goldman,Regular Air,Corporate,Office Supplies,Paper,Small Box,"Array® Parchment Paper, Assorted Colors",0.37,West,Utah,Lehi,84043,12/9/2013,12/10/2013,-93.03168,20,142.35,90436
22559,Critical,0.08,424.21,110.2,194,Tammy Goldman,Delivery Truck,Corporate,Furniture,Tables,Jumbo Box,Bush Advantage Collection® Racetrack Conference Table,0.67,West,Utah,Lehi,84043,12/9/2013,12/10/2013,-233.29488,6,2443.57,90436
22560,Critical,0.09,200.99,8.08,194,Tammy Goldman,Express Air,Corporate,Technology,Telephones and Communication,Small Box,5125,0.59,West,Utah,Lehi,84043,12/9/2013,12/10/2013,2482.3647,22,3597.63,90436
24902,Low,0.09,3.98,5.26,195,Jason Knox,Regular Air,Corporate,Office Supplies,Binders and Binder Accessories,Small Box,Ibico Presentation Index for Binding Systems,0.38,West,Utah,Logan,84321,6/4/2011,6/4/2011,-58.4568,8,33.01,90433
25411,Not Specified,0.03,3.25,49,195,Jason Knox,Regular Air,Corporate,Office Supplies,Appliances,Large Box,"Bravo II™ Megaboss® 12-Amp Hard Body Upright, Replacement Belts, 2 Belts per Pack",0.56,West,Utah,Logan,84321,3/9/2013,3/11/2013,-948.71,5,28.22,90434
18767,High,0.06,5.78,7.64,196,Holly Chu,Express Air,Small Business,Office Supplies,Paper,Small Box,HP Office Recycled Paper (20Lb. and 87 Bright),0.36,Central,Kansas,Olathe,66062,1/5/2011,1/7/2011,-25.2092,2,16.52,88922
18768,High,0.04,45.99,4.99,196,Holly Chu,Regular Air,Small Business,Technology,Telephones and Communication,Small Box,KF 788,0.56,Central,Kansas,Olathe,66062,1/5/2011,1/7/2011,15.37632,4,161.75,88922
19876,Medium,0.09,6.78,6.18,196,Holly Chu,Regular Air,Small Business,Office Supplies,Paper,Small Box,Strathmore Photo Mount Cards,0.39,Central,Kansas,Olathe,66062,12/29/2013,12/30/2013,-25.43856,14,91.31,88927
25158,Critical,0,161.55,19.99,197,Samantha Weaver,Regular Air,Small Business,Office Supplies,Storage & Organization,Small Box,Fellowes Super Stor/Drawer® Files,0.66,Central,Kansas,Overland Park,66212,10/2/2010,10/4/2010,1167.158,19,3108.98,88921
22048,High,0.05,6.48,8.73,197,Samantha Weaver,Regular Air,Small Business,Office Supplies,Paper,Small Box,Xerox 227,0.37,Central,Kansas,Overland Park,66212,4/5/2013,4/6/2013,-142.3,8,54.53,88923
24147,Medium,0.04,5.98,5.46,197,Samantha Weaver,Regular Air,Small Business,Office Supplies,Paper,Small Box,Xerox 1983,0.36,Central,Kansas,Overland Park,66212,5/23/2013,5/25/2013,-97.23,16,94.52,88924
21691,Medium,0.08,40.98,5.33,197,Samantha Weaver,Regular Air,Small Business,Office Supplies,Appliances,Small Box,Belkin 8 Outlet Surge Protector,0.57,Central,Kansas,Overland Park,66212,7/22/2013,7/25/2013,2.5024,2,81.45,88925
22308,Critical,0.02,71.37,69,197,Samantha Weaver,Regular Air,Small Business,Furniture,Tables,Large Box,"Lesro Sheffield Collection Coffee Table, End Table, Center Table, Corner Table",0.68,Central,Kansas,Overland Park,66212,9/5/2013,9/8/2013,-595.36512,8,493.14,88926
7158,Critical,0,161.55,19.99,198,Leroy Blanchard,Regular Air,Small Business,Office Supplies,Storage & Organization,Small Box,Fellowes Super Stor/Drawer® Files,0.66,Central,Michigan,Detroit,48138,10/2/2010,10/4/2010,1014.92,77,12599.55,51072
768,High,0.04,45.99,4.99,198,Leroy Blanchard,Regular Air,Small Business,Technology,Telephones and Communication,Small Box,KF 788,0.56,Central,Michigan,Detroit,48138,1/5/2011,1/7/2011,8.0928,15,606.56,5504
3691,Medium,0.08,40.98,5.33,198,Leroy Blanchard,Regular Air,Small Business,Office Supplies,Appliances,Small Box,Belkin 8 Outlet Surge Protector,0.57,Central,Michigan,Detroit,48138,7/22/2011,7/25/2011,2.3,8,325.81,26373
767,High,0.06,5.78,7.64,198,Leroy Blanchard,Express Air,Small Business,Office Supplies,Paper,Small Box,HP Office Recycled Paper (20Lb. and 87 Bright),0.36,Central,Michigan,Detroit,48138,1/5/2013,1/7/2013,-32.528,7,57.81,5504
4048,High,0.05,6.48,8.73,198,Leroy Blanchard,Regular Air,Small Business,Office Supplies,Paper,Small Box,Xerox 227,0.37,Central,Michigan,Detroit,48138,4/5/2013,4/6/2013,-142.3,30,204.49,28868
6147,Medium,0.04,5.98,5.46,198,Leroy Blanchard,Regular Air,Small Business,Office Supplies,Paper,Small Box,Xerox 1983,0.36,Central,Michigan,Detroit,48138,5/23/2013,5/25/2013,-97.23,65,383.98,43523
4308,Critical,0.02,71.37,69,198,Leroy Blanchard,Regular Air,Small Business,Furniture,Tables,Large Box,"Lesro Sheffield Collection Coffee Table, End Table, Center Table, Corner Table",0.68,Central,Michigan,Detroit,48138,9/5/2013,9/8/2013,-647.136,34,2095.83,30660
1876,Medium,0.09,6.78,6.18,198,Leroy Blanchard,Regular Air,Small Business,Office Supplies,Paper,Small Box,Strathmore Photo Mount Cards,0.39,Central,Michigan,Detroit,48138,12/29/2013,12/30/2013,-75.71,54,352.2,13507
26346,Medium,0.05,20.99,0.99,200,Martha Pridgen,Regular Air,Home Office,Technology,Telephones and Communication,Small Pack,Accessory15,0.83,West,Arizona,El Mirage,85335,1/27/2012,1/29/2012,-69.3594,5,91.78,91141
25543,Critical,0.05,20.98,53.03,200,Martha Pridgen,Delivery Truck,Home Office,Office Supplies,Storage & Organization,Jumbo Drum,"Tennsco Lockers, Gray",0.78,West,Arizona,El Mirage,85335,3/18/2013,3/20/2013,-815.79,5,120.36,91142
20778,Critical,0.02,11.58,5.72,200,Martha Pridgen,Regular Air,Home Office,Office Supplies,Envelopes,Small Box,"Peel & Seel® Recycled Catalog Envelopes, Brown",0.35,West,Arizona,El Mirage,85335,9/2/2013,9/3/2013,-10.7548,2,27.19,91143
20779,Critical,0,30.98,8.74,200,Martha Pridgen,Regular Air,Home Office,Office Supplies,Paper,Small Box,Xerox 1979,0.4,West,Arizona,El Mirage,85335,9/2/2013,9/4/2013,134.1144,8,262.13,91143
22136,Not Specified,0.09,12.28,4.86,202,Max Small,Regular Air,Corporate,Office Supplies,Paper,Small Box,Xerox 1933,0.38,Central,Oklahoma,Bartlesville,74006,4/27/2010,4/28/2010,1.73,3,34.65,88971
18783,High,0.03,7.37,5.53,202,Max Small,Regular Air,Corporate,Technology,Computer Peripherals,Small Pack,"Imation 3.5"" Unformatted DS/HD Diskettes, 10/Box",0.69,Central,Oklahoma,Bartlesville,74006,7/16/2010,7/18/2010,-133.7,11,85.79,88972
18880,Medium,0.04,85.99,10.78,202,Max Small,Regular Air,Corporate,Technology,Telephones and Communication,Small Box,3395,0.58,Central,Oklahoma,Bartlesville,74006,2/10/2011,2/13/2011,4.212,5,360.4,88973
18896,Not Specified,0.02,9.77,6.02,204,Bob Epstein,Regular Air,Corporate,Furniture,Office Furnishings,Medium Box,DAX Solid Wood Frames,0.48,Central,Texas,Dallas,75217,5/16/2011,5/16/2011,20.29,3,32.45,89236
18897,Not Specified,0.06,5.98,5.2,204,Bob Epstein,Regular Air,Corporate,Office Supplies,Paper,Small Box,Xerox 1992,0.36,Central,Texas,Dallas,75217,5/16/2011,5/17/2011,-66.16,14,82.97,89236
20501,Medium,0.04,99.99,19.99,204,Bob Epstein,Regular Air,Corporate,Technology,Computer Peripherals,Small Box,U.S. Robotics 56K Internet Call Modem,0.5,Central,Texas,Dallas,75217,4/10/2012,4/12/2012,916.6788,13,1328.52,89237
20502,Medium,0.01,55.5,52.2,204,Bob Epstein,Regular Air,Corporate,Furniture,Office Furnishings,Medium Box,Eldon Cleatmat® Chair Mats for Medium Pile Carpets,0.72,Central,Texas,Dallas,75217,4/10/2012,4/11/2012,-1363.12,13,772.22,89237
20503,Medium,0.09,33.29,8.74,204,Bob Epstein,Express Air,Corporate,Office Supplies,Storage & Organization,Small Box,Fellowes Bases and Tops For Staxonsteel®/High-Stak® Systems,0.61,Central,Texas,Dallas,75217,4/10/2012,4/12/2012,-18.45,3,99.17,89237
20806,Critical,0.05,12.88,4.59,204,Bob Epstein,Regular Air,Corporate,Office Supplies,"Scissors, Rulers and Trimmers",Wrap Bag,Martin-Yale Premier Letter Opener,0.82,Central,Texas,Dallas,75217,5/24/2012,5/25/2012,-123.07,16,205.36,89238
23148,Critical,0.1,65.99,8.99,205,Priscilla Owen,Regular Air,Corporate,Technology,Telephones and Communication,Small Box,Talkabout T8367,0.56,Central,Texas,Deer Park,77536,8/30/2012,9/2/2012,184.7484,14,745.91,89239
18915,Low,0.01,15.98,4,207,Toni Olsen,Regular Air,Consumer,Technology,Computer Peripherals,Small Box,Logitech Access Keyboard,0.37,West,California,Petaluma,94952,1/21/2012,1/21/2012,83.2692,7,120.68,89282
25881,Not Specified,0,5.89,5.57,208,Tammy Brandon,Regular Air,Consumer,Furniture,Office Furnishings,Small Box,Eldon Wave Desk Accessories,0.41,West,California,Pico Rivera,90660,3/1/2013,3/3/2013,-8.06,1,11.7,89283
21401,Low,0.05,1.86,2.58,210,Floyd Dale,Regular Air,Home Office,Office Supplies,Rubber Bands,Wrap Bag,"Super Bands, 12/Pack",0.82,East,New York,Troy,12180,7/17/2010,7/21/2010,-66.62,9,17.61,85965
23097,Medium,0.09,5.4,7.78,210,Floyd Dale,Express Air,Home Office,Office Supplies,Binders and Binder Accessories,Small Box,3M Organizer Strips,0.37,East,New York,Troy,12180,12/2/2010,12/2/2010,-21.48775,4,27.3,85966
23098,Medium,0.02,20.28,6.68,210,Floyd Dale,Regular Air,Home Office,Furniture,Office Furnishings,Small Box,"Seth Thomas 8 1/2"" Cubicle Clock",0.53,East,New York,Troy,12180,12/2/2010,12/2/2010,44.6775,3,64.75,85966
23099,Medium,0,11.55,2.36,210,Floyd Dale,Regular Air,Home Office,Office Supplies,Pens & Art Supplies,Wrap Bag,Newell 309,0.55,East,New York,Troy,12180,12/2/2010,12/3/2010,23.595,5,62.98,85966
21367,Low,0.02,376.13,85.63,210,Floyd Dale,Delivery Truck,Home Office,Furniture,Tables,Jumbo Box,Bretford Rectangular Conference Table Tops,0.74,East,New York,Troy,12180,7/16/2011,7/23/2011,-592.5205,6,2280.34,85968
21790,Medium,0.09,10.94,1.39,210,Floyd Dale,Regular Air,Home Office,Office Supplies,Envelopes,Small Box,"White Business Envelopes with Contemporary Seam, Recycled White Business Envelopes",0.35,East,New York,Troy,12180,12/30/2011,12/30/2011,8.535,2,21.46,85971
18025,Not Specified,0.09,4.98,4.62,210,Floyd Dale,Regular Air,Consumer,Technology,Computer Peripherals,Small Pack,"Imation 3.5"", DISKETTE 44766 HGHLD3.52HD/FM, 10/Pack",0.64,East,New York,Troy,12180,10/20/2012,10/22/2012,-96.39,12,60.41,85973
23605,Medium,0.01,10.06,2.06,211,Anna Wood,Regular Air,Consumer,Office Supplies,Paper,Wrap Bag,Riverleaf Stik-Withit® Designer Note Cubes®,0.39,East,New York,Utica,13501,7/6/2010,7/8/2010,7.59,2,21.2,85964
23606,Medium,0,65.99,5.92,211,Anna Wood,Regular Air,Consumer,Technology,Telephones and Communication,Small Box,252,0.55,East,New York,Utica,13501,7/6/2010,7/8/2010,-107.987,3,173.32,85964
23100,Medium,0.05,2.08,2.56,211,Anna Wood,Regular Air,Home Office,Office Supplies,"Scissors, Rulers and Trimmers",Small Pack,Kleencut® Forged Office Shears by Acme United Corporation,0.55,East,New York,Utica,13501,12/2/2010,12/3/2010,-36.25,20,42.29,85966
24204,Critical,0.09,200.99,4.2,211,Anna Wood,Regular Air,Consumer,Technology,Telephones and Communication,Small Box,2160i,0.59,East,New York,Utica,13501,2/21/2013,2/22/2013,-215.336,3,485.05,85974
23607,Medium,0.04,155.99,8.99,211,Anna Wood,Regular Air,Consumer,Technology,Telephones and Communication,Small Box,CF 688,0.58,East,New York,Utica,13501,7/6/2013,7/7/2013,1327.9671,14,1924.59,85975
24198,Critical,0,31.76,45.51,211,Anna Wood,Delivery Truck,Corporate,Furniture,Tables,Jumbo Box,Hon iLevel™ Computer Training Table,0.65,East,New York,Utica,13501,7/18/2013,7/20/2013,-1807.174512,15,497.42,85976
23939,Medium,0.01,64.65,35,211,Anna Wood,Express Air,Consumer,Office Supplies,Storage & Organization,Large Box,Space Solutions Commercial Steel Shelving,0.8,East,New York,Utica,13501,11/12/2013,11/14/2013,151.48208,9,603.03,85978
24205,Critical,0.08,40.97,8.99,212,Milton Clarke,Regular Air,Consumer,Office Supplies,Pens & Art Supplies,Small Pack,Sanford 52201 APSCO Electric Pencil Sharpener,0.59,East,New York,Valley Stream,11580,2/21/2011,2/22/2011,176.13,11,429.3,85967
25362,Not Specified,0.08,22.72,8.99,212,Milton Clarke,Regular Air,Home Office,Furniture,Office Furnishings,Small Pack,"Executive Impressions 14"" Two-Color Numerals Wall Clock",0.44,East,New York,Valley Stream,11580,7/27/2011,7/29/2011,173.94,14,304.09,85969
24570,Not Specified,0.03,5.84,1.2,212,Milton Clarke,Regular Air,Consumer,Office Supplies,Pens & Art Supplies,Wrap Bag,Newell 312,0.55,East,New York,Valley Stream,11580,9/20/2011,9/22/2011,10.96,6,36.92,85970
24547,Not Specified,0.01,145.98,46.2,212,Milton Clarke,Delivery Truck,Home Office,Furniture,Tables,Jumbo Box,Bevis Rectangular Conference Tables,0.69,East,New York,Valley Stream,11580,2/12/2012,2/14/2012,-352.789866,10,1545.11,85972
24571,Not Specified,0.04,16.91,6.25,212,Milton Clarke,Regular Air,Consumer,Office Supplies,Storage & Organization,Small Box,"Tenex Personal Self-Stacking Standard File Box, Black/Gray",0.58,East,New York,Valley Stream,11580,9/20/2013,9/21/2013,-22.8712,4,68.71,85977
24504,High,0.04,63.98,11.55,214,Jose Gates Rodriguez,Regular Air,Home Office,Office Supplies,Binders and Binder Accessories,Small Box,GBC DocuBind P50 Personal Binding Machine,0.38,Central,Missouri,Overland,63114,7/21/2011,7/22/2011,414.4071,9,600.59,88050
24505,High,0.1,22.01,5.53,214,Jose Gates Rodriguez,Regular Air,Home Office,Office Supplies,Pens & Art Supplies,Small Pack,Boston 16801 Nautilus™ Battery Pencil Sharpener,0.59,Central,Missouri,Overland,63114,7/21/2011,7/22/2011,-6.23,4,85.69,88050
24506,High,0.01,120.33,19.99,214,Jose Gates Rodriguez,Regular Air,Home Office,Office Supplies,Storage & Organization,Small Box,Iceberg Mobile Mega Data/Printer Cart ®,0.59,Central,Missouri,Overland,63114,7/21/2011,7/21/2011,1158.3237,13,1678.73,88050
25305,Not Specified,0.01,8.85,5.6,214,Jose Gates Rodriguez,Regular Air,Consumer,Office Supplies,Binders and Binder Accessories,Small Box,GBC Standard Plastic Binding Systems Combs,0.36,Central,Missouri,Overland,63114,11/27/2012,11/29/2012,0.8855,12,117.3,88055
25306,Not Specified,0.05,7.96,4.95,214,Jose Gates Rodriguez,Regular Air,Consumer,Furniture,Office Furnishings,Small Box,Staples Plastic Wall Frames,0.41,Central,Missouri,Overland,63114,11/27/2012,11/29/2012,2.278,1,12.74,88055
18813,Not Specified,0.09,4.84,0.71,215,Vicki O'Donnell,Regular Air,Consumer,Office Supplies,Pens & Art Supplies,Wrap Bag,*Staples* Highlighting Markers,0.52,West,Utah,Logan,84321,2/19/2013,2/21/2013,8.33,3,14.18,88056
18466,Not Specified,0.05,20.99,3.3,215,Vicki O'Donnell,Regular Air,Consumer,Technology,Telephones and Communication,Small Pack,Accessory39,0.81,West,Utah,Logan,84321,6/2/2013,6/4/2013,-76.78,12,212.55,88057
18854,Critical,0.07,22.23,5.08,215,Vicki O'Donnell,Regular Air,Home Office,Furniture,Office Furnishings,Small Pack,"Executive Impressions 14""",0.41,West,Utah,Logan,84321,12/21/2013,12/22/2013,21.98144,4,89.73,88059
19960,High,0.08,4.98,0.49,216,Tonya B Horne,Express Air,Consumer,Office Supplies,Labels,Small Box,Avery White Multi-Purpose Labels,0.39,West,Utah,Magna,84044,6/6/2011,6/6/2011,40.6548,11,58.92,88049
19763,Low,0.08,55.98,4.86,216,Tonya B Horne,Regular Air,Home Office,Office Supplies,Paper,Small Box,Xerox 1908,0.36,West,Utah,Magna,84044,2/22/2012,2/28/2012,-54.87,1,53.56,88052
19764,Low,0.05,26.38,5.86,216,Tonya B Horne,Regular Air,Home Office,Office Supplies,Paper,Small Box,Xerox 1935,0.39,West,Utah,Magna,84044,2/22/2012,2/26/2012,130.6515,7,189.35,88052
19765,Low,0.07,155.06,7.07,216,Tonya B Horne,Regular Air,Home Office,Office Supplies,Storage & Organization,Small Box,"Dual Level, Single-Width Filing Carts",0.59,West,Utah,Magna,84044,2/22/2012,2/26/2012,738.3069,7,1070.01,88052
23143,Low,0,55.99,5,217,Billy Odom,Regular Air,Home Office,Technology,Telephones and Communication,Small Pack,Accessory6,0.8,West,Utah,Midvale,84047,9/13/2011,9/20/2011,-129.14,9,443.08,88051
23149,High,0.07,3.14,1.14,217,Billy Odom,Express Air,Home Office,Office Supplies,Paper,Wrap Bag,"Adams ""While You Were Out"" Message Pads",0.4,West,Utah,Midvale,84047,6/16/2012,6/17/2012,30.024,18,56.23,88053
23150,High,0.08,3.57,4.17,217,Billy Odom,Regular Air,Home Office,Office Supplies,Pens & Art Supplies,Small Pack,Barrel Sharpener,0.59,West,Utah,Midvale,84047,6/16/2012,6/18/2012,-44.856,8,29.61,88053
21469,Critical,0.03,7.3,7.72,217,Billy Odom,Regular Air,Consumer,Office Supplies,Binders and Binder Accessories,Small Box,"Angle-D Binders with Locking Rings, Label Holders",0.38,West,Utah,Midvale,84047,9/15/2012,9/17/2012,-127.5235,17,130.26,88054
21470,Critical,0,29.89,1.99,217,Billy Odom,Regular Air,Consumer,Technology,Computer Peripherals,Small Pack,"Verbatim DVD-RAM, 5.2GB, Rewritable, Type 1, DS",0.5,West,Utah,Midvale,84047,9/15/2012,9/17/2012,92.7,7,217.6,88054
21999,Critical,0.07,2.78,1.49,217,Billy Odom,Regular Air,Consumer,Office Supplies,Binders and Binder Accessories,Small Box,Wilson Jones Suede Grain Vinyl Binders,0.36,West,Utah,Midvale,84047,8/28/2013,8/29/2013,4.233136,12,34.25,88058
26303,Medium,0.05,119.99,56.14,218,Frances Saunders,Delivery Truck,Consumer,Technology,Office Machines,Jumbo Box,Hewlett-Packard 2600DN Business Color Inkjet Printer,0.39,West,Utah,Murray,84107,12/9/2010,12/11/2010,-102.5121,6,730.37,88048
18249,High,0.06,2.84,0.93,220,Jacob Kirby,Regular Air,Home Office,Office Supplies,Pens & Art Supplies,Wrap Bag,SANFORD Liquid Accent™ Tank-Style Highlighters,0.54,Central,Illinois,Oak Forest,60452,5/6/2012,5/7/2012,4.9,9,26.31,87230
18669,High,0.04,125.99,7.69,220,Jacob Kirby,Regular Air,Home Office,Technology,Telephones and Communication,Small Box,Timeport L7089,0.58,Central,Illinois,Oak Forest,60452,8/31/2012,9/1/2012,-54.20844,5,550.02,87232
21644,Not Specified,0.07,8.33,1.99,221,Colleen Wilcox,Regular Air,Home Office,Technology,Computer Peripherals,Small Pack,"80 Minute Slim Jewel Case CD-R , 10/Pack - Staples",0.52,Central,Illinois,Oak Lawn,60453,6/27/2011,6/28/2011,26.952,12,97.45,87229
18734,Not Specified,0.1,8.69,2.99,221,Colleen Wilcox,Regular Air,Home Office,Office Supplies,Binders and Binder Accessories,Small Box,"Cardinal Slant-D® Ring Binder, Heavy Gauge Vinyl",0.39,Central,Illinois,Oak Lawn,60453,7/8/2012,7/10/2012,-3.0475,2,16.97,87231
18670,High,0.03,3.75,0.5,221,Colleen Wilcox,Regular Air,Home Office,Office Supplies,Labels,Small Box,Avery 510,0.37,Central,Illinois,Oak Lawn,60453,8/31/2012,9/2/2012,64.8048,25,93.92,87232
18671,High,0.07,12.28,6.47,221,Colleen Wilcox,Express Air,Home Office,Office Supplies,Paper,Small Box,Xerox 1881,0.38,Central,Illinois,Oak Lawn,60453,8/31/2012,9/2/2012,-4.3576,1,16.53,87232
18672,High,0.01,155.99,8.99,221,Colleen Wilcox,Regular Air,Home Office,Technology,Telephones and Communication,Small Box,LX 788,0.58,Central,Illinois,Oak Lawn,60453,8/31/2012,9/1/2012,1467.285,15,2126.5,87232
21643,Not Specified,0,33.94,19.19,221,Colleen Wilcox,Delivery Truck,Home Office,Furniture,Chairs & Chairmats,Jumbo Drum,"Metal Folding Chairs, Beige, 4/Carton",0.58,Central,Illinois,Oak Lawn,60453,6/27/2013,6/29/2013,-101.912,8,289.36,87233
18607,Critical,0.01,130.98,54.74,223,Joe Nicholson,Delivery Truck,Small Business,Furniture,Bookcases,Jumbo Box,"O'Sullivan Elevations Bookcase, Cherry Finish",0.69,West,California,Pico Rivera,90660,1/11/2012,1/13/2012,-1021.946,13,1734.25,88530
18608,Critical,0.02,30.97,4,223,Joe Nicholson,Regular Air,Small Business,Technology,Computer Peripherals,Small Box,Microsoft Multimedia Keyboard,0.74,West,California,Pico Rivera,90660,1/11/2012,1/11/2012,-19.902,6,197.72,88530
23119,Critical,0.05,7.98,6.5,224,Evan Currie,Regular Air,Small Business,Office Supplies,Storage & Organization,Medium Box,Iris Project Case,0.59,East,Massachusetts,Canton,2021,2/18/2012,2/21/2012,-36.06,2,17.39,88532
21846,High,0.08,105.98,13.99,225,Hazel Britt,Regular Air,Small Business,Furniture,Office Furnishings,Medium Box,"Tenex 46"" x 60"" Computer Anti-Static Chairmat, Rectangular Shaped",0.65,East,Massachusetts,Norton,2766,1/31/2012,2/1/2012,72.5121,1,105.09,88531
24713,Medium,0.06,4.28,5.74,226,Heather Fleming,Express Air,Small Business,Office Supplies,Paper,Small Box,Xerox 1953,0.4,East,New Hampshire,Derry,3038,5/12/2013,5/12/2013,-150.93,16,73.67,88533
21845,High,0.1,7.08,2.35,227,Stacey Glenn,Regular Air,Small Business,Office Supplies,Pens & Art Supplies,Wrap Bag,SANFORD Major Accent™ Highlighters,0.47,East,New Jersey,Newark,7101,1/31/2012,2/1/2012,0.266,3,20.66,88531
21203,Medium,0.03,60.89,32.41,228,Colleen Andrews,Delivery Truck,Small Business,Furniture,Chairs & Chairmats,Jumbo Drum,"Global Push Button Manager's Chair, Indigo",0.56,South,North Carolina,Mint Hill,28227,4/2/2010,4/3/2010,36.354,7,450.49,88527
21302,Medium,0.03,6.48,5.74,228,Colleen Andrews,Regular Air,Small Business,Office Supplies,Paper,Small Box,Xerox 1994,0.37,South,North Carolina,Mint Hill,28227,1/14/2011,1/17/2011,-22.554,8,52.73,88528
20477,Low,0.03,65.99,8.99,228,Colleen Andrews,Regular Air,Small Business,Technology,Telephones and Communication,Small Box,5180,0.56,South,North Carolina,Mint Hill,28227,9/22/2011,9/24/2011,153.696,21,1214.63,88529
21512,Critical,0.02,81.94,55.81,230,Jack Horne,Delivery Truck,Home Office,Furniture,Bookcases,Jumbo Box,O'Sullivan 5-Shelf Heavy-Duty Bookcases,0.6,West,Utah,Murray,84107,1/5/2012,1/6/2012,-262.0864,1,95.48,91309
21513,Critical,0,37.94,5.08,230,Jack Horne,Express Air,Home Office,Office Supplies,Paper,Wrap Bag,"Snap-A-Way® Black Print Carbonless Ruled Speed Letter, Triplicate",0.38,West,Utah,Murray,84107,1/5/2012,1/7/2012,108.8406,4,157.74,91309
21371,High,0,14.48,1.99,232,Sandy Holmes,Regular Air,Small Business,Technology,Computer Peripherals,Small Pack,TDK 4.7GB DVD+RW,0.49,Central,Illinois,Oak Park,60302,8/4/2011,8/4/2011,-18.3768,1,17.19,90240
21372,High,0.04,99.99,19.99,232,Sandy Holmes,Regular Air,Small Business,Technology,Computer Peripherals,Small Box,U.S. Robotics 56K Internet Call Modem,0.5,Central,Illinois,Oak Park,60302,8/4/2011,8/6/2011,591.8964,12,1195.32,90240
21373,High,0.01,4.98,4.86,232,Sandy Holmes,Regular Air,Small Business,Office Supplies,Paper,Small Box,Xerox 190,0.38,Central,Illinois,Oak Park,60302,8/4/2011,8/6/2011,-4.238,1,7.66,90240
19496,Not Specified,0.05,19.98,5.77,232,Sandy Holmes,Regular Air,Small Business,Office Supplies,Paper,Small Box,Xerox Blank Computer Paper,0.38,Central,Illinois,Oak Park,60302,8/19/2012,8/21/2012,138.1728,10,200.29,90241
25500,Medium,0.07,5.81,8.49,233,Michele Bullard,Regular Air,Small Business,Office Supplies,Binders and Binder Accessories,Small Box,Fellowes Black Plastic Comb Bindings,0.39,Central,Illinois,Orland Park,60462,2/20/2010,2/22/2010,-243.2365,10,58.8,90237
25501,Medium,0.04,9.65,6.22,233,Michele Bullard,Regular Air,Small Business,Furniture,Office Furnishings,Small Box,"Eldon Expressions™ Desk Accessory, Wood Pencil Holder, Oak",0.55,Central,Illinois,Orland Park,60462,2/20/2010,2/21/2010,-53.62,12,120.47,90237
23058,Critical,0.06,279.81,23.19,234,Don Cameron,Delivery Truck,Small Business,Office Supplies,Appliances,Jumbo Drum,Sanyo 2.5 Cubic Foot Mid-Size Office Refrigerators,0.59,Central,Iowa,Newton,50208,2/5/2010,2/6/2010,1103.9724,6,1599.96,90236
25121,High,0.03,28.53,1.49,234,Don Cameron,Regular Air,Small Business,Office Supplies,Binders and Binder Accessories,Small Box,Lock-Up Easel 'Spel-Binder',0.38,Central,Iowa,Newton,50208,3/27/2010,3/29/2010,136.3371,7,197.59,90238
25122,High,0.01,15.28,1.99,234,Don Cameron,Regular Air,Small Business,Technology,Computer Peripherals,Small Pack,"Memorex 4.7GB DVD+R, 3/Pack",0.42,Central,Iowa,Newton,50208,3/27/2010,3/29/2010,-12.46,2,33.04,90238
22044,Low,0.06,3.34,7.49,234,Don Cameron,Express Air,Small Business,Office Supplies,Pens & Art Supplies,Wrap Bag,"Eldon Spacemaker® Box, Quick-Snap Lid, Clear",0.54,Central,Iowa,Newton,50208,4/28/2010,4/30/2010,-175.86,8,27.45,90239
25120,High,0.07,11.97,4.98,234,Don Cameron,Regular Air,Small Business,Office Supplies,Appliances,Small Box,Staples 6 Outlet Surge,0.58,Central,Iowa,Newton,50208,3/27/2013,3/29/2013,-35.94,6,68.66,90242
22111,Low,0.01,6.48,5.19,234,Don Cameron,Regular Air,Small Business,Office Supplies,Paper,Small Box,Xerox 1995,0.37,Central,Iowa,Newton,50208,8/6/2013,8/10/2013,-6.54656,5,36.56,90243
18885,Not Specified,0,442.14,14.7,236,Shawn McIntyre,Delivery Truck,Corporate,Technology,Office Machines,Jumbo Drum,Okidata ML390 Turbo Dot Matrix Printers,0.56,West,Colorado,Louisville,80027,2/22/2010,2/22/2010,3294.8259,10,4775.11,86621
21913,High,0.02,65.99,8.99,236,Shawn McIntyre,Regular Air,Consumer,Technology,Telephones and Communication,Small Box,Talkabout T8367,0.56,West,Colorado,Louisville,80027,9/3/2012,9/4/2012,-171.204,4,230.29,86624
23264,High,0.05,60.22,3.5,236,Shawn McIntyre,Regular Air,Corporate,Office Supplies,Appliances,Small Box,"Fellowes Smart Surge Ten-Outlet Protector, Platinum",0.57,West,Colorado,Louisville,80027,2/18/2013,2/19/2013,365.9277,9,530.33,86625
18679,Not Specified,0.09,8.75,8.54,236,Shawn McIntyre,Regular Air,Consumer,Furniture,Office Furnishings,Small Pack,"Eldon® 400 Class™ Desk Accessories, Black Carbon",0.43,West,Colorado,Louisville,80027,7/6/2013,7/7/2013,-120.04656,14,120.04,86627
23222,Low,0.05,6.48,7.37,236,Shawn McIntyre,Regular Air,Consumer,Office Supplies,Paper,Small Box,Xerox 210,0.37,West,Colorado,Louisville,80027,9/22/2013,9/27/2013,-78.3012,13,89.46,86628
18143,Low,0.06,59.98,3.99,237,Amanda Helms,Express Air,Consumer,Office Supplies,Appliances,Small Box,Belkin 8 Outlet SurgeMaster II Gold Surge Protector,0.57,Central,Kansas,Overland Park,66212,3/1/2012,3/6/2012,241.0446,6,349.34,86622
18144,Low,0.02,14.58,7.4,237,Amanda Helms,Express Air,Consumer,Furniture,Office Furnishings,Small Box,DAX Clear Channel Poster Frame,0.48,Central,Kansas,Overland Park,66212,3/1/2012,3/3/2012,45,7,105.05,86622
25921,High,0,11.48,5.43,238,Tamara Fischer,Regular Air,Corporate,Office Supplies,Paper,Small Box,Personal Creations™ Ink Jet Cards and Labels,0.36,Central,Kansas,Shawnee,66203,8/25/2012,8/26/2012,-6.6456,1,14.66,86623
25922,High,0.06,6.68,5.66,238,Tamara Fischer,Regular Air,Corporate,Office Supplies,Paper,Small Box,Xerox 1923,0.37,Central,Kansas,Shawnee,66203,8/25/2012,8/26/2012,-11.726,5,36.48,86623
24769,Not Specified,0.07,40.97,14.45,238,Tamara Fischer,Regular Air,Consumer,Furniture,Office Furnishings,Large Box,Dana Halogen Swing-Arm Architect Lamp,0.57,Central,Kansas,Shawnee,66203,5/5/2013,5/7/2013,154.74,10,400.78,86626
24327,Medium,0.1,19.98,5.77,240,Gilbert Scarborough,Express Air,Small Business,Office Supplies,Paper,Small Box,Xerox Blank Computer Paper,0.38,West,Colorado,Fountain,80817,4/20/2010,4/20/2010,35.09,3,57.41,90479
19732,Medium,0.03,39.98,4,240,Gilbert Scarborough,Regular Air,Small Business,Technology,Computer Peripherals,Small Box,Microsoft Natural Keyboard Elite,0.7,West,Colorado,Fountain,80817,1/31/2011,2/2/2011,67.3968,9,350.03,90481
20245,Critical,0.09,2.18,1.38,240,Gilbert Scarborough,Regular Air,Small Business,Office Supplies,Rubber Bands,Wrap Bag,Advantus Push Pins,0.44,West,Colorado,Fountain,80817,1/31/2011,2/1/2011,-12.4744,9,19.63,90481
24035,Medium,0.1,115.99,3,240,Gilbert Scarborough,Regular Air,Small Business,Technology,Telephones and Communication,Small Box,V66,0.59,West,Colorado,Fountain,80817,1/18/2013,1/20/2013,681.99588,12,1086.08,90484
22741,Not Specified,0.07,279.48,35,240,Gilbert Scarborough,Regular Air,Small Business,Office Supplies,Storage & Organization,Large Box,"Tennsco Snap-Together Open Shelving Units, Starter Sets and Add-On Units",0.8,West,Colorado,Fountain,80817,9/19/2013,9/20/2013,-263.6536,14,3766.84,90486
24328,Medium,0.06,259.71,66.67,241,Amy Ellis Holder,Delivery Truck,Small Business,Furniture,Tables,Jumbo Box,"Bevis Round Bullnose 29"" High Table Top",0.61,West,Colorado,Grand Junction,81503,4/20/2010,4/21/2010,785.63,11,2809.87,90479
25264,Low,0.01,5.94,9.92,241,Amy Ellis Holder,Regular Air,Small Business,Office Supplies,Binders and Binder Accessories,Small Box,Storex Dura Pro™ Binders,0.38,West,Colorado,Grand Junction,81503,5/26/2010,6/2/2010,-256.519,13,79.93,90480
25265,Low,0.02,125.99,3,241,Amy Ellis Holder,Regular Air,Small Business,Technology,Telephones and Communication,Small Box,270c,0.59,West,Colorado,Grand Junction,81503,5/26/2010,5/26/2010,398.358,8,873.18,90480
24682,Medium,0.01,15.98,4,241,Amy Ellis Holder,Regular Air,Small Business,Technology,Computer Peripherals,Small Box,Logitech Access Keyboard,0.37,West,Colorado,Grand Junction,81503,3/3/2012,3/4/2012,123.234,11,178.6,90483
25661,High,0.06,499.99,24.49,241,Amy Ellis Holder,Regular Air,Small Business,Technology,Copiers and Fax,Large Box,Sharp AL-1530CS Digital Copier,0.36,West,Colorado,Grand Junction,81503,4/9/2013,4/10/2013,-517.08,3,1508.67,90485
26106,High,0.1,18.65,3.77,242,Betsy Hendricks,Regular Air,Small Business,Furniture,Office Furnishings,Small Pack,3M Polarizing Light Filter Sleeves,0.39,West,Colorado,Greeley,80634,5/1/2011,5/1/2011,84.5112,7,122.48,90482
26107,Medium,0,2.88,1.49,242,Betsy Hendricks,Regular Air,Small Business,Office Supplies,Binders and Binder Accessories,Small Box,Avery Durable Binders,0.36,West,Colorado,Greeley,80634,10/25/2013,10/27/2013,11.322,21,63.08,90487
25714,Low,0.05,10.06,2.06,244,Marie Fitzgerald,Regular Air,Corporate,Office Supplies,Paper,Wrap Bag,Riverleaf Stik-Withit® Designer Note Cubes®,0.39,South,Tennessee,Farragut,37922,10/18/2013,10/22/2013,-12.782,17,168.44,86720
18167,Critical,0.09,8.46,3.62,245,Julie Pruitt,Regular Air,Corporate,Technology,Computer Peripherals,Small Pack,"Imation 3.5"", RTS 247544 3M 3.5 DSDD, 10/Pack",0.61,Central,Texas,Deer Park,77536,2/19/2013,2/21/2013,-52.48,10,83.26,86718
20057,High,0.05,48.58,54.11,245,Julie Pruitt,Delivery Truck,Corporate,Furniture,Bookcases,Jumbo Box,O'Sullivan 2-Shelf Heavy-Duty Bookcases,0.69,Central,Texas,Deer Park,77536,9/5/2013,9/6/2013,-1481.1264,21,1046.04,86719
24346,Critical,0,51.98,10.17,245,Julie Pruitt,Regular Air,Corporate,Technology,Office Machines,Medium Box,Canon MP25DIII Desktop Whisper-Quiet Printing Calculator,0.37,Central,Texas,Deer Park,77536,12/24/2013,12/26/2013,577.3713,16,836.77,86721
24347,Critical,0.06,218.75,69.64,245,Julie Pruitt,Delivery Truck,Corporate,Furniture,Tables,Jumbo Box,BoxOffice By Design Rectangular and Half-Moon Meeting Room Tables,0.72,Central,Texas,Deer Park,77536,12/24/2013,12/26/2013,-180.151776,16,3555.12,86721
18849,Medium,0.02,146.05,80.2,247,Marshall Brandt Briggs,Delivery Truck,Corporate,Furniture,Tables,Jumbo Box,BPI Conference Tables,0.71,South,Tennessee,Maryville,37804,8/23/2010,8/23/2010,-101.192,5,798.69,89139
18850,Medium,0.06,65.99,5.92,247,Marshall Brandt Briggs,Regular Air,Corporate,Technology,Telephones and Communication,Small Box,252,0.55,South,Tennessee,Maryville,37804,8/23/2010,8/24/2010,-3.332,14,792.11,89139
18842,Medium,0.09,2.88,0.99,247,Marshall Brandt Briggs,Regular Air,Corporate,Office Supplies,Labels,Small Box,Avery 514,0.36,South,Tennessee,Maryville,37804,9/21/2010,9/23/2010,-145.082,10,28.73,89140
18904,High,0.06,6.48,6.74,247,Marshall Brandt Briggs,Regular Air,Corporate,Office Supplies,Paper,Small Box,Xerox 215,0.37,South,Tennessee,Maryville,37804,1/13/2013,1/15/2013,-284.578,10,67.71,89145
24397,Medium,0.06,35.99,1.1,248,Anthony Han,Regular Air,Corporate,Technology,Telephones and Communication,Small Box,Accessory35,0.55,South,Tennessee,Memphis,38109,4/22/2011,4/23/2011,19.386,5,146.65,89141
22448,High,0.07,2.78,1.34,248,Anthony Han,Regular Air,Corporate,Office Supplies,Pens & Art Supplies,Wrap Bag,Prang Drawing Pencil Set,0.45,South,Tennessee,Memphis,38109,5/19/2012,5/19/2012,-69.678,17,47.55,89142
25944,Medium,0.06,22.23,8.99,248,Anthony Han,Express Air,Corporate,Furniture,Office Furnishings,Small Pack,"Executive Impressions 14"" Contract Wall Clock with Quartz Movement",0.41,South,Tennessee,Memphis,38109,6/22/2012,6/25/2012,64.503,9,205.14,89143
26388,Not Specified,0.1,9.11,2.15,248,Anthony Han,Regular Air,Corporate,Office Supplies,Paper,Wrap Bag,"Black Print Carbonless Snap-Off® Rapid Letter, 8 1/2"" x 7""",0.4,South,Tennessee,Memphis,38109,12/18/2012,12/19/2012,-230.888,1,10.59,89144
18905,High,0.09,125.99,7.69,248,Anthony Han,Regular Air,Corporate,Technology,Telephones and Communication,Small Box,Timeport L7089,0.58,South,Tennessee,Memphis,38109,1/13/2013,1/15/2013,55.404,13,1304.9,89145
18773,Critical,0.02,2.58,1.3,250,Brenda Nelson Blanchard,Express Air,Corporate,Office Supplies,Pens & Art Supplies,Wrap Bag,DIXON Oriole® Pencils,0.59,Central,Minnesota,Richfield,55423,11/28/2010,11/29/2010,1.108,39,109.74,87214
18774,Critical,0.02,65.99,3.9,250,Brenda Nelson Blanchard,Regular Air,Corporate,Technology,Telephones and Communication,Small Box,StarTAC Series,0.55,Central,Minnesota,Richfield,55423,11/28/2010,11/29/2010,1061.379,27,1543.55,87214
18246,Critical,0.05,11.09,5.25,250,Brenda Nelson Blanchard,Regular Air,Corporate,Office Supplies,Envelopes,Small Box,#10 Self-Seal White Envelopes,0.36,Central,Minnesota,Richfield,55423,12/29/2011,3/22/2012,58.5,19,204.67,87215
20540,High,0.04,10.64,5.16,250,Brenda Nelson Blanchard,Regular Air,Corporate,Furniture,Office Furnishings,Small Box,"Eldon Expressions Punched Metal & Wood Desk Accessories, Pewter & Cherry",0.57,Central,Minnesota,Richfield,55423,3/12/2012,3/12/2012,1.16,12,128.95,87216
20541,High,0.1,14.42,6.75,251,Joann Davidson Rich,Express Air,Corporate,Office Supplies,Appliances,Medium Box,Holmes Odor Grabber,0.52,Central,Minnesota,Rochester,55901,3/12/2012,3/12/2012,-24.91,4,58.04,87216
20542,High,0.08,279.81,23.19,251,Joann Davidson Rich,Delivery Truck,Corporate,Office Supplies,Appliances,Jumbo Drum,Sanyo 2.5 Cubic Foot Mid-Size Office Refrigerators,0.59,Central,Minnesota,Rochester,55901,3/12/2012,3/14/2012,-126.34,1,274.93,87216
20543,High,0.02,5.84,0.83,251,Joann Davidson Rich,Express Air,Corporate,Office Supplies,Pens & Art Supplies,Wrap Bag,Avery Hi-Liter® Smear-Safe Highlighters,0.49,Central,Minnesota,Rochester,55901,3/12/2012,3/14/2012,13.1859,3,19.11,87216
21672,Medium,0.02,205.99,5.99,251,Joann Davidson Rich,Regular Air,Corporate,Technology,Telephones and Communication,Small Box,3285,0.59,Central,Minnesota,Rochester,55901,3/19/2012,3/20/2012,1434.9723,12,2079.67,87217
21825,Critical,0.03,115.79,1.99,251,Joann Davidson Rich,Regular Air,Corporate,Technology,Computer Peripherals,Small Pack,"Verbatim DVD-R, 4.7GB, Spindle, WE, Blank, Ink Jet/Thermal, 20/Spindle",0.49,Central,Minnesota,Rochester,55901,9/8/2012,9/11/2012,39.36,4,458.25,87218
25459,Not Specified,0.1,15.68,3.73,251,Joann Davidson Rich,Regular Air,Corporate,Furniture,Office Furnishings,Small Pack,Artistic Insta-Plaque,0.46,Central,Minnesota,Rochester,55901,2/26/2013,2/27/2013,72.1878,7,104.62,87219
25934,Not Specified,0.1,286.85,61.76,251,Joann Davidson Rich,Delivery Truck,Corporate,Furniture,Tables,Jumbo Box,Riverside Furniture Stanwyck Manor Table Series,0.78,Central,Minnesota,Rochester,55901,12/2/2013,12/2/2013,-255.688272,18,5003.14,87220
25935,Not Specified,0.04,11.58,6.97,252,Steven McDowell,Regular Air,Corporate,Office Supplies,Envelopes,Small Box,"Peel & Seel® Recycled Catalog Envelopes, Brown",0.35,Central,Minnesota,Roseville,55113,12/2/2013,12/5/2013,-4.30752,18,203.59,87220
18801,Medium,0.1,280.98,35.67,254,Brett Hawkins,Delivery Truck,Home Office,Furniture,Tables,Jumbo Box,Global Adaptabilities™ Conference Tables,0.66,West,Colorado,Highlands Ranch,80126,12/10/2010,12/11/2010,-53.745,5,1332.82,86268
18961,High,0.07,8.12,2.83,254,Brett Hawkins,Regular Air,Home Office,Technology,Computer Peripherals,Small Pack,"Imation Neon Mac Format Diskettes, 10/Pack",0.77,West,Colorado,Highlands Ranch,80126,12/9/2011,12/10/2011,-43.7,22,174.1,86272
18079,High,0.01,115.99,5.26,254,Brett Hawkins,Regular Air,Home Office,Technology,Telephones and Communication,Small Box,636,0.57,West,Colorado,Highlands Ranch,80126,10/7/2013,10/9/2013,1426.257,23,2357.17,86277
18816,Medium,0.01,20.98,1.49,254,Brett Hawkins,Regular Air,Home Office,Office Supplies,Binders and Binder Accessories,Small Box,Avery Legal 4-Ring Binder,0.35,West,Colorado,Highlands Ranch,80126,12/28/2013,12/30/2013,-5.865552,1,22.23,86278
26365,Critical,0,306.14,26.53,255,Cheryl Curtis,Delivery Truck,Home Office,Technology,Office Machines,Jumbo Drum,Okidata ML184 Turbo Dot Matrix Printers,0.56,West,Colorado,Lakewood,80232,2/20/2011,2/20/2011,1113.3495,5,1613.55,86269
21925,High,0.09,28.48,1.99,255,Cheryl Curtis,Express Air,Home Office,Technology,Computer Peripherals,Small Pack,"Memorex 4.7GB DVD+RW, 3/Pack",0.4,West,Colorado,Lakewood,80232,10/7/2011,10/9/2011,253.4715,14,367.35,86271
25275,High,0.04,8.46,3.62,255,Cheryl Curtis,Regular Air,Home Office,Technology,Computer Peripherals,Small Pack,"Imation 3.5"", RTS 247544 3M 3.5 DSDD, 10/Pack",0.61,West,Colorado,Lakewood,80232,9/1/2012,9/2/2012,-38.23,12,103.17,86273
23731,Low,0.02,10.94,1.39,255,Cheryl Curtis,Regular Air,Home Office,Office Supplies,Envelopes,Small Box,"White Business Envelopes with Contemporary Seam, Recycled White Business Envelopes",0.35,West,Colorado,Lakewood,80232,2/17/2013,2/22/2013,31.05,4,45,86275
20577,Critical,0.03,8.34,2.64,256,Irene Li,Regular Air,Home Office,Office Supplies,"Scissors, Rulers and Trimmers",Small Pack,Acme® Elite Stainless Steel Scissors,0.59,East,Pennsylvania,Hanover,17331,1/31/2010,2/2/2010,0.684,4,34.64,86267
19015,Not Specified,0.04,40.48,19.99,256,Irene Li,Regular Air,Home Office,Technology,Computer Peripherals,Small Box,Keytronic Designer 104- Key Black Keyboard,0.77,East,Pennsylvania,Hanover,17331,5/26/2011,5/27/2011,-470.85,12,501.58,86270
19016,Not Specified,0.09,26.48,6.93,256,Irene Li,Express Air,Home Office,Furniture,Office Furnishings,Small Box,DAX Natural Wood-Tone Poster Frame,0.49,East,Pennsylvania,Hanover,17331,5/26/2011,5/27/2011,38.6952,2,56.08,86270
21923,High,0.08,26.64,5.3,256,Irene Li,Regular Air,Home Office,Furniture,Chairs & Chairmats,Medium Box,SAFCO Optional Arm Kit for Workspace® Cribbage Stacking Chair,,East,Pennsylvania,Hanover,17331,10/7/2011,10/8/2011,116.9964,16,410.25,86271
21924,High,0.08,12.07,6.2,256,Irene Li,Regular Air,Home Office,Furniture,Office Furnishings,Wrap Bag,Eldon® 500 Class™ Desk Accessories,0.52,East,Pennsylvania,Hanover,17331,10/7/2011,10/8/2011,-7.236,12,136.01,86271
20576,Critical,0.1,78.65,13.99,256,Irene Li,Regular Air,Home Office,Office Supplies,Appliances,Medium Box,Honeywell Quietcare HEPA Air Cleaner,0.52,East,Pennsylvania,Hanover,17331,1/31/2013,2/2/2013,-43.6356,2,150.48,86274
19912,Critical,0.04,3.69,0.5,256,Irene Li,Express Air,Home Office,Office Supplies,Labels,Small Box,Avery 501,0.38,East,Pennsylvania,Hanover,17331,5/23/2013,5/26/2013,26.7651,9,38.79,86276
24498,Medium,0.05,17.48,1.99,258,Allan Shields,Regular Air,Consumer,Technology,Computer Peripherals,Small Pack,"Maxell Pro 80 Minute CD-R, 10/Pack",0.45,South,Florida,Seminole,33772,7/2/2010,7/4/2010,-127.008,3,52.47,85858
26112,Medium,0.01,4.98,4.62,258,Allan Shields,Regular Air,Consumer,Technology,Computer Peripherals,Small Pack,"Imation 3.5"", DISKETTE 44766 HGHLD3.52HD/FM, 10/Pack",0.64,South,Florida,Seminole,33772,8/18/2011,8/18/2011,17.595,4,22.62,85860
26113,Medium,0.08,21.38,8.99,258,Allan Shields,Regular Air,Consumer,Office Supplies,Pens & Art Supplies,Small Pack,Boston 1730 StandUp Electric Pencil Sharpener,0.59,South,Florida,Seminole,33772,8/18/2011,8/20/2011,-135.156,3,63.45,85860
24339,High,0.01,2.62,0.8,258,Allan Shields,Regular Air,Consumer,Office Supplies,Rubber Bands,Wrap Bag,Staples Metal Binder Clips,0.39,South,Florida,Seminole,33772,11/17/2011,11/20/2011,176.658,31,83.49,85861
26127,Medium,0.04,5.53,6.98,258,Allan Shields,Regular Air,Corporate,Office Supplies,Binders and Binder Accessories,Small Box,Avery Durable Poly Binders,0.39,South,Florida,Seminole,33772,3/10/2012,3/11/2012,501.903,8,45.81,85862
26128,Medium,0.1,55.98,13.88,258,Allan Shields,Regular Air,Corporate,Office Supplies,Paper,Small Box,Xerox 1882,0.36,South,Florida,Seminole,33772,3/10/2012,3/11/2012,746.886,9,475.61,85862
24497,Medium,0.09,60.98,30,258,Allan Shields,Delivery Truck,Consumer,Furniture,Chairs & Chairmats,Jumbo Drum,Novimex Fabric Task Chair,0.7,South,Florida,Seminole,33772,7/2/2013,7/3/2013,25.704,4,240.63,85863
18011,Low,0.09,2.88,0.7,259,Edward Pugh,Regular Air,Consumer,Office Supplies,Pens & Art Supplies,Wrap Bag,Newell 340,0.56,West,New Mexico,Santa Fe,87505,1/19/2010,1/19/2010,5.7532,10,26.38,85857
24337,High,0,232.58,19.99,259,Edward Pugh,Regular Air,Consumer,Office Supplies,Appliances,Small Box,Hoover Commercial Lightweight Upright Vacuum with E-Z Empty™ Dirt Cup,0.59,West,New Mexico,Santa Fe,87505,11/17/2011,11/18/2011,5466.3939,33,7922.31,85861
24338,High,0.06,3.08,0.5,259,Edward Pugh,Express Air,Consumer,Office Supplies,Labels,Small Box,Avery 497,0.37,West,New Mexico,Santa Fe,87505,11/17/2013,11/18/2013,77.1282,33,111.78,85864
26234,Critical,0.03,170.98,35.89,260,Brenda Gonzalez,Delivery Truck,Corporate,Furniture,Bookcases,Jumbo Box,"Rush Hierlooms Collection 1"" Thick Stackable Bookcases",0.66,East,New York,Albany,12208,4/24/2011,4/25/2011,583.15,9,1576.52,85859
26235,Critical,0,20.99,4.81,260,Brenda Gonzalez,Regular Air,Corporate,Technology,Telephones and Communication,Medium Box,1726 Digital Answering Machine,0.58,East,New York,Albany,12208,4/24/2011,4/26/2011,-52.239,3,57.96,85859
18094,Critical,0.04,17.7,9.47,262,Leah MacDonald,Regular Air,Home Office,Office Supplies,Storage & Organization,Small Box,Portfile® Personal File Boxes,0.59,East,Ohio,Cleveland,44105,1/26/2011,1/28/2011,-162.7748,12,214.48,86298
20895,Low,0.04,54.96,10.75,262,Leah MacDonald,Regular Air,Home Office,Office Supplies,Paper,Small Box,Xerox 1940,0.36,East,Ohio,Cleveland,44105,4/12/2011,4/21/2011,75.9138,2,110.02,86299
18084,High,0,150.89,60.2,262,Leah MacDonald,Delivery Truck,Home Office,Furniture,Chairs & Chairmats,Jumbo Drum,"Global Leather & Oak Executive Chair, Burgundy",0.77,East,Ohio,Cleveland,44105,4/30/2012,4/30/2012,-684.57,9,1483.07,86302
21012,High,0.09,115.99,2.5,262,Leah MacDonald,Express Air,Home Office,Technology,Telephones and Communication,Small Box,DPC 650 Piper,0.58,East,Ohio,Cleveland,44105,10/15/2013,10/16/2013,-407.264,3,284.88,86306
22370,High,0.05,31.76,45.51,263,Carlos Hess,Delivery Truck,Small Business,Furniture,Tables,Jumbo Box,Hon iLevel™ Computer Training Table,0.65,East,Ohio,Cleveland Heights,44106,1/21/2010,1/23/2010,-2177.986096,9,304.34,86297
22360,Medium,0.02,46.94,6.77,263,Carlos Hess,Regular Air,Home Office,Furniture,Office Furnishings,Small Box,"Howard Miller 13"" Diameter Goldtone Round Wall Clock",0.44,East,Ohio,Cleveland Heights,44106,7/25/2011,7/28/2011,386.1378,12,559.62,86300
22361,Medium,0.07,167.27,35,263,Carlos Hess,Regular Air,Home Office,Office Supplies,Storage & Organization,Large Box,Office Impressions Heavy Duty Welded Shelving & Multimedia Storage Drawers,0.85,East,Ohio,Cleveland Heights,44106,7/25/2011,7/25/2011,-618.95,8,1329.93,86300
21938,Medium,0.03,19.84,4.1,263,Carlos Hess,Regular Air,Home Office,Office Supplies,Pens & Art Supplies,Wrap Bag,Prismacolor Color Pencil Set,0.44,East,Ohio,Cleveland Heights,44106,9/2/2011,9/2/2011,265.1,20,398.35,86301
21939,Medium,0.08,5.84,1,263,Carlos Hess,Regular Air,Home Office,Office Supplies,Pens & Art Supplies,Wrap Bag,"Quartet Omega® Colored Chalk, 12/Pack",0.38,East,Ohio,Cleveland Heights,44106,9/2/2011,9/2/2011,-2.31,1,6.75,86301
21708,Medium,0.03,1889.99,19.99,263,Carlos Hess,Regular Air,Home Office,Office Supplies,Binders and Binder Accessories,Small Box,Ibico EPK-21 Electric Binding System,0.36,East,Ohio,Cleveland Heights,44106,7/30/2013,8/1/2013,762.923008,1,1851.62,86304
21709,Medium,0.04,6.68,6.93,263,Carlos Hess,Regular Air,Home Office,Office Supplies,Paper,Small Box,HP Office Paper (20Lb. and 87 Bright),0.37,East,Ohio,Cleveland Heights,44106,7/30/2013,7/31/2013,-121.68816,18,126,86304
25579,Medium,0.04,35.99,5.99,263,Carlos Hess,Regular Air,Home Office,Technology,Telephones and Communication,Wrap Bag,Accessory41,0.38,East,Ohio,Cleveland Heights,44106,8/15/2013,8/17/2013,240.3477,11,348.33,86305
26177,Low,0.01,22.38,15.1,264,Erik Harmon,Regular Air,Home Office,Office Supplies,Binders and Binder Accessories,Small Box,"Avery Flip-Chart Easel Binder, Black",0.38,East,Ohio,Columbus,43229,5/7/2013,5/9/2013,-35.6155,4,99.43,86303
20858,Not Specified,0,73.98,12.14,266,Ross Frederick,Express Air,Corporate,Technology,Computer Peripherals,Small Box,Keytronic 105-Key Spanish Keyboard,0.67,Central,Texas,San Antonio,78207,5/18/2010,5/20/2010,326.25,17,1300.81,90593
19823,Medium,0.08,6.48,7.03,266,Ross Frederick,Regular Air,Corporate,Office Supplies,Paper,Small Box,Xerox 214,0.37,Central,Texas,San Antonio,78207,11/15/2010,11/16/2010,8.932,10,67.86,90594
19824,Medium,0.01,20.34,35,266,Ross Frederick,Regular Air,Corporate,Office Supplies,Storage & Organization,Large Box,Tennsco Commercial Shelving,0.84,Central,Texas,San Antonio,78207,11/15/2010,11/16/2010,229.638,33,747.28,90594
21311,Not Specified,0.1,195.99,4.2,267,Marilyn Blalock,Regular Air,Corporate,Technology,Telephones and Communication,Small Box,688,0.6,Central,Texas,San Juan,78589,9/5/2013,9/8/2013,742.40388,16,2446.89,90595
21312,Not Specified,0.01,125.99,8.08,267,Marilyn Blalock,Regular Air,Corporate,Technology,Telephones and Communication,Small Box,M3682,0.57,Central,Texas,San Juan,78589,9/5/2013,9/6/2013,1319.90796,22,2379.1,90595
18770,Low,0.02,5.58,5.3,268,James Beck,Regular Air,Home Office,Office Supplies,Envelopes,Small Box,Staples Brown Kraft Recycled Clasp Envelopes,0.35,West,Arizona,Flagstaff,86001,4/7/2010,4/12/2010,-22.48,3,18.67,88941
18771,Low,0.03,40.89,18.98,268,James Beck,Regular Air,Home Office,Furniture,Office Furnishings,Small Box,Eldon Executive Woodline II Cherry Finish Desk Accessories,0.57,West,Arizona,Flagstaff,86001,4/7/2010,4/14/2010,78.98,5,210.77,88941
23059,Low,0.09,35.94,6.66,269,Calvin Boyette,Regular Air,Home Office,Office Supplies,Envelopes,Small Box,"Tyvek ® Top-Opening Peel & Seel ® Envelopes, Gray",0.4,West,Arizona,Gilbert,85234,12/5/2010,12/10/2010,144.2928,6,209.12,88942
23060,Low,0,170.98,13.99,269,Calvin Boyette,Regular Air,Home Office,Furniture,Office Furnishings,Medium Box,Tenex Antistatic Computer Chair Mats,0.75,West,Arizona,Gilbert,85234,12/5/2010,12/12/2010,888.1473,7,1287.17,88942
23061,Low,0.09,4.98,7.44,269,Calvin Boyette,Regular Air,Home Office,Office Supplies,Paper,Small Box,Xerox 1922,0.36,West,Arizona,Gilbert,85234,12/5/2010,12/7/2010,-46.005,9,46.17,88942
23025,High,0.04,4.91,0.5,269,Calvin Boyette,Regular Air,Home Office,Office Supplies,Labels,Small Box,Avery 508,0.36,West,Arizona,Gilbert,85234,5/29/2011,5/30/2011,43.125,13,62.5,88944
23026,High,0.08,85.99,0.99,269,Calvin Boyette,Regular Air,Home Office,Technology,Telephones and Communication,Wrap Bag,Accessory34,0.55,West,Arizona,Gilbert,85234,5/29/2011,5/31/2011,885.2838,18,1283.02,88944
22760,Low,0.03,14.34,5,269,Calvin Boyette,Regular Air,Small Business,Furniture,Office Furnishings,Small Pack,Nu-Dell Leatherette Frames,0.49,West,Arizona,Gilbert,85234,12/19/2011,12/23/2011,59.1813,6,85.77,88946
22487,High,0.07,140.99,4.2,269,Calvin Boyette,Regular Air,Small Business,Technology,Telephones and Communication,Small Box,7160,0.59,West,Arizona,Gilbert,85234,6/25/2012,6/27/2012,-60.0072,5,579.55,88948
25401,High,0.09,150.98,13.99,270,Robyn White,Regular Air,Small Business,Technology,Office Machines,Medium Box,Canon MP41DH Printing Calculator,0.38,West,Arizona,Glendale,85301,7/4/2011,7/4/2011,1196.8395,14,1734.55,88945
23197,Not Specified,0.1,4.28,1.6,270,Robyn White,Regular Air,Home Office,Office Supplies,Pens & Art Supplies,Wrap Bag,Newell 320,0.58,West,Arizona,Glendale,85301,1/19/2012,1/19/2012,-19.5796,13,51.03,88947
24403,Critical,0.07,21.78,5.94,270,Robyn White,Regular Air,Home Office,Office Supplies,Appliances,Medium Box,Holmes HEPA Air Purifier,0.5,West,Arizona,Glendale,85301,4/18/2013,4/18/2013,182.16,12,264,88951
23573,Low,0.02,11.97,5.81,270,Robyn White,Regular Air,Small Business,Office Supplies,Pens & Art Supplies,Small Pack,Staples SlimLine Pencil Sharpener,0.6,West,Arizona,Glendale,85301,8/12/2013,8/12/2013,-26.12264,19,228.02,88952
23574,Low,0.03,159.31,60,270,Robyn White,Delivery Truck,Small Business,Furniture,Tables,Jumbo Drum,Hon Non-Folding Utility Tables,0.55,West,Arizona,Glendale,85301,8/12/2013,8/16/2013,25.95672,9,1505.99,88952
19515,Medium,0.1,80.97,30.06,271,Sam Rouse,Delivery Truck,Small Business,Technology,Office Machines,Jumbo Box,Hewlett-Packard Deskjet 940 REFURBISHED Color Inkjet Printer,0.4,South,Georgia,Forest Park,30297,3/30/2010,3/31/2010,128.0253,12,899.81,88940
20991,Low,0.03,10.14,2.27,271,Sam Rouse,Regular Air,Home Office,Office Supplies,Paper,Wrap Bag,"Staples Wirebound Steno Books, 6"" x 9"", 12/Pack",0.36,South,Georgia,Forest Park,30297,4/4/2011,4/11/2011,14.718,4,39.88,88943
22087,Low,0,17.48,1.99,271,Sam Rouse,Regular Air,Small Business,Technology,Computer Peripherals,Small Pack,"Maxell Pro 80 Minute CD-R, 10/Pack",0.45,South,Georgia,Forest Park,30297,7/23/2012,7/27/2012,-14.378,1,19.54,88949
22088,Low,0.06,6.98,9.69,271,Sam Rouse,Regular Air,Small Business,Office Supplies,Storage & Organization,Small Box,Eldon Shelf Savers™ Cubes and Bins,0.83,South,Georgia,Forest Park,30297,7/23/2012,7/23/2012,543.342,4,29.23,88949
21326,Critical,0,6.48,5.84,271,Sam Rouse,Regular Air,Home Office,Office Supplies,Paper,Small Box,Xerox 226,0.37,South,Georgia,Forest Park,30297,10/31/2012,11/2/2012,7.5,15,100.12,88950
770,Low,0.02,5.58,5.3,272,Eleanor Swain,Regular Air,Home Office,Office Supplies,Envelopes,Small Box,Staples Brown Kraft Recycled Clasp Envelopes,0.35,South,North Carolina,Charlotte,28204,4/7/2010,4/12/2010,-29.8984,11,68.46,5509
771,Low,0.03,40.89,18.98,272,Eleanor Swain,Regular Air,Home Office,Furniture,Office Furnishings,Small Box,Eldon Executive Woodline II Cherry Finish Desk Accessories,0.57,South,North Carolina,Charlotte,28204,4/7/2010,4/14/2010,52.9166,21,885.23,5509
5059,Low,0.09,35.94,6.66,272,Eleanor Swain,Regular Air,Home Office,Office Supplies,Envelopes,Small Box,"Tyvek ® Top-Opening Peel & Seel ® Envelopes, Gray",0.4,South,North Carolina,Charlotte,28204,12/5/2010,12/10/2010,72.1858,24,836.47,36069
5061,Low,0.09,4.98,7.44,272,Eleanor Swain,Regular Air,Home Office,Office Supplies,Paper,Small Box,Xerox 1922,0.36,South,North Carolina,Charlotte,28204,12/5/2010,12/7/2010,-122.3733,37,189.83,36069
2991,Low,0.03,10.14,2.27,272,Eleanor Swain,Regular Air,Home Office,Office Supplies,Paper,Wrap Bag,"Staples Wirebound Steno Books, 6"" x 9"", 12/Pack",0.36,South,North Carolina,Charlotte,28204,4/4/2011,4/11/2011,32.5285,17,169.48,21600
5025,High,0.04,4.91,0.5,272,Eleanor Swain,Regular Air,Home Office,Office Supplies,Labels,Small Box,Avery 508,0.36,South,North Carolina,Charlotte,28204,5/29/2011,5/30/2011,54.6921,52,250,35840
5026,High,0.08,85.99,0.99,272,Eleanor Swain,Regular Air,Home Office,Technology,Telephones and Communication,Wrap Bag,Accessory34,0.55,South,North Carolina,Charlotte,28204,5/29/2011,5/31/2011,791.81136,71,5060.79,35840
7401,High,0.09,150.98,13.99,272,Eleanor Swain,Regular Air,Small Business,Technology,Office Machines,Medium Box,Canon MP41DH Printing Calculator,0.38,South,North Carolina,Charlotte,28204,7/4/2011,7/4/2011,1884.4621,55,6814.28,52743
4760,Low,0.03,14.34,5,272,Eleanor Swain,Regular Air,Small Business,Furniture,Office Furnishings,Small Pack,Nu-Dell Leatherette Frames,0.49,South,North Carolina,Charlotte,28204,12/19/2011,12/23/2011,38.9672,24,343.07,33826
5197,Not Specified,0.1,4.28,1.6,272,Eleanor Swain,Regular Air,Home Office,Office Supplies,Pens & Art Supplies,Wrap Bag,Newell 320,0.58,South,North Carolina,Charlotte,28204,1/19/2012,1/19/2012,-21.0007,52,204.11,36931
4487,High,0.07,140.99,4.2,272,Eleanor Swain,Regular Air,Small Business,Technology,Telephones and Communication,Small Box,7160,0.59,South,North Carolina,Charlotte,28204,6/25/2012,6/27/2012,-99.76197,21,2434.12,31939
4087,Low,0,17.48,1.99,272,Eleanor Swain,Regular Air,Small Business,Technology,Computer Peripherals,Small Pack,"Maxell Pro 80 Minute CD-R, 10/Pack",0.45,South,North Carolina,Charlotte,28204,7/23/2012,7/27/2012,-54.3438,4,78.17,29152
4088,Low,0.06,6.98,9.69,272,Eleanor Swain,Regular Air,Small Business,Office Supplies,Storage & Organization,Small Box,Eldon Shelf Savers™ Cubes and Bins,0.83,South,North Carolina,Charlotte,28204,7/23/2012,7/23/2012,-141.3657,18,131.52,29152
3326,Critical,0,6.48,5.84,272,Eleanor Swain,Regular Air,Home Office,Office Supplies,Paper,Small Box,Xerox 226,0.37,South,North Carolina,Charlotte,28204,10/31/2012,11/2/2012,-79.6005,59,393.81,23781
1515,Medium,0.1,80.97,30.06,272,Eleanor Swain,Delivery Truck,Small Business,Technology,Office Machines,Jumbo Box,Hewlett-Packard Deskjet 940 REFURBISHED Color Inkjet Printer,0.4,South,North Carolina,Charlotte,28204,3/30/2013,3/31/2013,169.3559,46,3449.26,10949
6403,Critical,0.07,21.78,5.94,272,Eleanor Swain,Regular Air,Home Office,Office Supplies,Appliances,Medium Box,Holmes HEPA Air Purifier,0.5,South,North Carolina,Charlotte,28204,4/18/2013,4/18/2013,137.0686,48,1055.98,45476
5573,Low,0.02,11.97,5.81,272,Eleanor Swain,Regular Air,Small Business,Office Supplies,Pens & Art Supplies,Small Pack,Staples SlimLine Pencil Sharpener,0.6,South,North Carolina,Charlotte,28204,8/12/2013,8/12/2013,-81.9413,76,912.06,39490
5574,Low,0.03,159.31,60,272,Eleanor Swain,Delivery Truck,Small Business,Furniture,Tables,Jumbo Drum,Hon Non-Folding Utility Tables,0.55,South,North Carolina,Charlotte,28204,8/12/2013,8/16/2013,11.0349,34,5689.28,39490
5060,Low,0,170.98,13.99,272,Eleanor Swain,Regular Air,Home Office,Furniture,Office Furnishings,Medium Box,Tenex Antistatic Computer Chair Mats,0.75,South,North Carolina,Charlotte,28204,12/5/2013,12/12/2013,647.7627,30,5516.44,36069
19410,Medium,0.06,100.98,57.38,274,Valerie Rice,Delivery Truck,Corporate,Furniture,Bookcases,Jumbo Box,"Bush Westfield Collection Bookcases, Dark Cherry Finish, Fully Assembled",0.78,West,California,San Jose,95123,2/13/2012,2/14/2012,-1231.98,8,783.96,89294
18925,Critical,0.09,2.62,0.8,274,Valerie Rice,Regular Air,Corporate,Office Supplies,Rubber Bands,Wrap Bag,Staples Metal Binder Clips,0.39,West,California,San Jose,95123,5/24/2013,5/26/2013,6.46,5,12.77,89297
22180,Not Specified,0.09,15.28,10.91,275,Roger Blalock Cassidy,Regular Air,Corporate,Office Supplies,Binders and Binder Accessories,Small Box,Recycled Premium Regency Composition Covers,0.36,East,Connecticut,Fairfield,6824,7/24/2010,7/25/2010,-51.75,4,61.52,89292
23504,Critical,0.04,1.98,0.7,276,Lucille Rankin,Express Air,Corporate,Office Supplies,Rubber Bands,Wrap Bag,"Brites Rubber Bands, 1 1/2 oz. Box",0.83,East,Connecticut,Newington,6111,5/21/2010,5/22/2010,-1,3,8.3,89291
24137,Medium,0.07,8.04,8.94,277,Hazel Herman,Regular Air,Corporate,Office Supplies,Binders and Binder Accessories,Small Box,"Fellowes Twister Kit, Gray/Clear, 3/pkg",0.4,East,Connecticut,Willimantic,6226,6/11/2013,6/12/2013,-14.076,1,12.55,89298
20622,Critical,0.09,3.98,2.97,278,Marc Hoover,Regular Air,Corporate,Office Supplies,Paper,Wrap Bag,Unpadded Memo Slips,0.35,East,Maine,Bangor,4401,6/29/2012,6/30/2012,-13.016,7,26.91,89296
20623,Critical,0.03,35.99,5,279,Kevin Melvin,Express Air,Corporate,Technology,Telephones and Communication,Small Box,Accessory27,0.85,East,Maine,Biddeford,4005,6/29/2012,7/1/2012,-135.7928,4,129.73,89296
19412,Medium,0.1,5.53,6.98,280,Greg Walsh,Regular Air,Corporate,Office Supplies,Binders and Binder Accessories,Small Box,Avery Durable Poly Binders,0.39,East,Maine,West Scarborough,4070,2/13/2012,2/15/2012,-108.1345,6,33.17,89294
24819,Critical,0.03,3.28,3.97,281,Fred H Proctor,Regular Air,Corporate,Office Supplies,Pens & Art Supplies,Wrap Bag,Newell 337,0.56,East,New Hampshire,Dover,3820,3/26/2012,3/27/2012,-10.27,1,4.57,89295
23503,Critical,0.03,55.99,5,282,Vickie Andrews,Regular Air,Corporate,Technology,Telephones and Communication,Small Pack,Accessory36,0.83,East,New Jersey,Belleville,7109,5/21/2010,5/22/2010,-221.254,9,416.95,89291
24512,High,0.1,1.68,1.57,283,Pauline Boyette,Regular Air,Corporate,Office Supplies,Pens & Art Supplies,Wrap Bag,Newell 323,0.59,East,New Jersey,Newark,7101,12/17/2010,12/18/2010,-11.57,11,18.71,89293
19411,Medium,0.04,122.99,70.2,284,Jerome Cummings,Delivery Truck,Corporate,Furniture,Chairs & Chairmats,Jumbo Drum,"Global High-Back Leather Tilter, Burgundy",0.74,East,Vermont,South Burlington,5403,2/13/2012,2/14/2012,-896.94,6,771.99,89294
19168,Low,0,4.13,5.34,286,Virginia Gay,Regular Air,Small Business,Office Supplies,Binders and Binder Accessories,Small Box,ACCOHIDE® Binder by Acco,0.38,Central,Kansas,Shawnee,66203,6/17/2010,6/21/2010,-61.87,9,40.95,89761
19169,Low,0.1,130.98,54.74,286,Virginia Gay,Delivery Truck,Small Business,Furniture,Bookcases,Jumbo Box,"O'Sullivan Elevations Bookcase, Cherry Finish",0.69,Central,Kansas,Shawnee,66203,6/17/2010,6/21/2010,-530.24,9,1155.73,89761
22885,Not Specified,0.09,20.99,0.99,287,Bruce Norton,Regular Air,Small Business,Technology,Telephones and Communication,Wrap Bag,Accessory25,0.57,Central,Kansas,Topeka,66614,1/18/2011,1/20/2011,-78.98924,2,33.45,89763
23019,Critical,0.08,113.98,30,287,Bruce Norton,Delivery Truck,Small Business,Furniture,Chairs & Chairmats,Jumbo Drum,Hon Comfortask® Task/Swivel Chairs,0.69,Central,Kansas,Topeka,66614,1/22/2011,1/24/2011,-139.6488,6,680.71,89764
23021,Critical,0.08,47.9,5.86,287,Bruce Norton,Regular Air,Small Business,Office Supplies,Paper,Small Box,Xerox 1938,0.37,Central,Kansas,Topeka,66614,1/22/2011,1/24/2011,154.6152,5,224.08,89764
24808,Medium,0.05,16.48,1.99,287,Bruce Norton,Regular Air,Small Business,Technology,Computer Peripherals,Small Pack,Maxell DVD-RAM Discs,0.42,Central,Kansas,Topeka,66614,6/23/2011,6/24/2011,81.552,8,125.97,89765
22841,Not Specified,0.08,1.8,4.79,287,Bruce Norton,Regular Air,Small Business,Office Supplies,Binders and Binder Accessories,Small Box,Wilson Jones Easy Flow II™ Sheet Lifters,0.37,Central,Kansas,Topeka,66614,5/9/2012,5/10/2012,-63.1925,6,12.13,89766
22842,Not Specified,0.04,4.98,0.49,287,Bruce Norton,Regular Air,Small Business,Office Supplies,Labels,Small Box,Avery White Multi-Purpose Labels,0.39,Central,Kansas,Topeka,66614,5/9/2012,5/11/2012,31.4709,9,45.61,89766
23747,Critical,0,5.4,7.78,287,Bruce Norton,Regular Air,Small Business,Office Supplies,Binders and Binder Accessories,Small Box,3M Organizer Strips,0.37,Central,Kansas,Topeka,66614,9/6/2012,9/7/2012,-41.262,4,26.57,89767
23020,Critical,0.09,30.73,4,287,Bruce Norton,Regular Air,Small Business,Technology,Computer Peripherals,Small Box,Fellowes 17-key keypad for PS/2 interface,0.75,Central,Kansas,Topeka,66614,1/22/2013,1/24/2013,-183.2844,1,29.97,89768
25624,Critical,0.09,28.48,1.99,288,Patricia Cole Blair,Regular Air,Small Business,Technology,Computer Peripherals,Small Pack,"Memorex 4.7GB DVD+RW, 3/Pack",0.4,Central,Kansas,Wichita,67212,7/16/2010,7/19/2010,132.687,7,192.3,89762
25625,Critical,0.08,65.99,4.99,288,Patricia Cole Blair,Express Air,Small Business,Technology,Telephones and Communication,Small Box,MicroTAC 650,0.58,Central,Kansas,Wichita,67212,7/16/2010,7/18/2010,496.89,14,748.1,89762
24809,Medium,0.08,20.24,6.67,288,Patricia Cole Blair,Express Air,Small Business,Furniture,Office Furnishings,Small Pack,"DAX Contemporary Wood Frame with Silver Metal Mat, Desktop, 11 x 14 Size",0.49,Central,Kansas,Wichita,67212,6/23/2011,6/24/2011,160.596,15,282.97,89765
24810,Medium,0,18.97,9.03,288,Patricia Cole Blair,Regular Air,Small Business,Office Supplies,Paper,Small Box,Computer Printout Paper with Letter-Trim Perforations,0.37,Central,Kansas,Wichita,67212,6/23/2011,6/25/2011,184.56,16,328.13,89765
24811,Medium,0.09,125.99,8.99,288,Patricia Cole Blair,Regular Air,Small Business,Technology,Telephones and Communication,Small Box,StarTAC ST7868,0.55,Central,Kansas,Wichita,67212,6/23/2011,6/25/2011,1328.7192,19,1925.68,89765
24893,Medium,0.05,70.98,30,288,Patricia Cole Blair,Delivery Truck,Small Business,Furniture,Chairs & Chairmats,Jumbo Drum,Novimex Turbo Task Chair,0.73,Central,Kansas,Wichita,67212,7/28/2013,7/28/2013,-394.40352,11,796.89,89769
21223,Not Specified,0.04,4.98,4.62,290,Sara O'Connor,Regular Air,Small Business,Technology,Computer Peripherals,Small Pack,"Imation 3.5"", DISKETTE 44766 HGHLD3.52HD/FM, 10/Pack",0.64,West,Colorado,Loveland,80538,9/25/2010,9/26/2010,-135.16,20,102.54,90837
20189,High,0,3.98,5.26,290,Sara O'Connor,Regular Air,Small Business,Office Supplies,Binders and Binder Accessories,Small Box,Ibico Presentation Index for Binding Systems,0.38,West,Colorado,Loveland,80538,5/6/2011,5/8/2011,-29.532,3,14.41,90838
22290,Low,0.02,6.48,9.54,290,Sara O'Connor,Regular Air,Small Business,Office Supplies,Paper,Small Box,Xerox 1905,0.37,West,Colorado,Loveland,80538,7/1/2012,7/3/2012,-193.39,11,72.94,90840
22796,Not Specified,0.02,55.99,5,290,Sara O'Connor,Express Air,Small Business,Technology,Telephones and Communication,Small Pack,Accessory6,0.8,West,Colorado,Loveland,80538,2/5/2013,2/5/2013,-64.944,7,341.59,90842
21222,Not Specified,0.01,218.08,18.06,290,Sara O'Connor,Regular Air,Small Business,Furniture,Chairs & Chairmats,Large Box,"Lifetime Advantage™ Folding Chairs, 4/Carton",0.57,West,Colorado,Loveland,80538,9/25/2013,9/26/2013,3282.5196,22,4996.96,90843
26178,High,0.09,81.32,0.99,291,Norma Oliver,Regular Air,Small Business,Office Supplies,Appliances,Small Box,Kensington 4 Outlet MasterPiece® Compact Power Control Center,0.57,West,Colorado,Northglenn,80233,6/8/2012,6/9/2012,520.8189,10,754.81,90839
26179,High,0.06,3.71,1.93,291,Norma Oliver,Regular Air,Small Business,Office Supplies,Paper,Wrap Bag,"""While you Were Out"" Message Book, One Form per Page",0.35,West,Colorado,Northglenn,80233,6/8/2012,6/8/2012,-0.248,5,18.88,90839
26180,High,0.06,6.48,5.94,291,Norma Oliver,Regular Air,Small Business,Office Supplies,Paper,Small Box,"Eureka Recycled Copy Paper 8 1/2"" x 11"", Ream",0.37,West,Colorado,Northglenn,80233,6/8/2012,6/9/2012,-61.536,15,98.41,90839
22952,Critical,0.08,5.28,6.26,291,Norma Oliver,Regular Air,Small Business,Office Supplies,Paper,Small Box,Xerox 1928,0.4,West,Colorado,Northglenn,80233,11/12/2012,11/13/2012,15.416,18,93.68,90841
22953,Critical,0.01,59.76,9.71,291,Norma Oliver,Regular Air,Small Business,Office Supplies,Storage & Organization,Small Box,"Advantus 10-Drawer Portable Organizer, Chrome Metal Frame, Smoke Drawers",0.57,West,Colorado,Northglenn,80233,11/12/2012,11/14/2012,1044.956,32,1901.37,90841
26181,High,0.01,18.97,9.03,292,Brian Meadows,Regular Air,Small Business,Office Supplies,Paper,Small Box,Computer Printout Paper with Letter-Trim Perforations,0.37,West,Colorado,Parker,80134,6/8/2012,6/10/2012,112.8,19,360.64,90839
26182,High,0.09,31.98,6.72,292,Brian Meadows,Regular Air,Small Business,Office Supplies,Storage & Organization,Small Box,Fellowes Bankers Box™ Stor/Drawer® Steel Plus™,0.75,West,Colorado,Parker,80134,6/8/2012,6/9/2012,-46.384,2,63.8,90839
19425,Not Specified,0.04,90.97,14,294,Rose Reed,Delivery Truck,Corporate,Technology,Office Machines,Jumbo Drum,Lexmark Z54se Color Inkjet Printer,0.36,East,Connecticut,Greenwich,6830,7/14/2012,7/16/2012,15.36,3,266.66,87392
19402,Medium,0.09,33.98,19.99,295,Gloria Quinn,Regular Air,Corporate,Furniture,Office Furnishings,Small Box,"Linden® 12"" Wall Clock With Oak Frame",0.55,East,Connecticut,Naugatuck,6770,11/29/2011,11/29/2011,2.4,12,395.61,87391
23864,Medium,0.1,120.98,9.07,296,Seth Rosenberg,Regular Air,Corporate,Office Supplies,Binders and Binder Accessories,Small Box,GBC VeloBinder Electric Binding Machine,0.35,East,Connecticut,Norwalk,6855,12/19/2013,12/21/2013,1419.9303,18,2057.87,87395
19403,Medium,0.02,8.6,6.19,297,Stacy Price,Regular Air,Corporate,Office Supplies,Binders and Binder Accessories,Small Box,Avery Printable Repositionable Plastic Tabs,0.38,East,Maine,Sanford,4073,11/29/2011,12/1/2011,12.0428,41,357.74,87391
19426,Not Specified,0.02,44.43,46.59,298,Eugene Terrell,Delivery Truck,Corporate,Furniture,Tables,Jumbo Box,Hon 61000 Series Interactive Training Tables,0.67,East,Massachusetts,Palmer,1069,7/14/2012,7/16/2012,33.98895,2,103.88,87392
23170,High,0.05,10.89,4.5,299,Joshua Underwood,Express Air,Corporate,Office Supplies,Appliances,Small Box,Belkin 6 Outlet Metallic Surge Strip,0.59,East,Massachusetts,Somerset,2725,9/10/2011,9/11/2011,-7.04,2,29.22,87390
24425,Low,0.06,6.48,7.86,300,Larry W Lehman,Regular Air,Corporate,Office Supplies,Paper,Small Box,Xerox 213,0.37,East,New Hampshire,Dover,3820,8/7/2013,8/11/2013,-5.64768,1,10.08,87393
18286,Not Specified,0.09,136.98,24.49,301,Valerie Whitfield,Regular Air,Corporate,Furniture,Office Furnishings,Large Box,"3M Polarizing Task Lamp with Clamp Arm, Light Gray",0.59,East,Pennsylvania,West Mifflin,15122,9/6/2013,9/6/2013,995.436,14,1810.18,87394
18287,Not Specified,0.01,399.98,12.06,301,Valerie Whitfield,Delivery Truck,Corporate,Technology,Office Machines,Jumbo Box,Okidata ML320 Series Turbo Dot Matrix Printers,0.56,East,Pennsylvania,West Mifflin,15122,9/6/2013,9/7/2013,5096.5401,19,7386.29,87394
21805,Critical,0.01,10.97,6.5,303,Bill Bowers Li,Regular Air,Consumer,Technology,Computer Peripherals,Small Box,Micro Innovations 104 Keyboard,0.64,Central,Illinois,Tinley Park,60477,2/8/2013,2/10/2013,-154.66,12,134.56,86133
23746,Medium,0.06,122.99,70.2,303,Bill Bowers Li,Delivery Truck,Consumer,Furniture,Chairs & Chairmats,Jumbo Drum,"Global High-Back Leather Tilter, Burgundy",0.74,Central,Illinois,Tinley Park,60477,3/12/2013,3/14/2013,-1775.83,9,1068.45,86134
18049,High,0.07,208.16,68.02,303,Bill Bowers Li,Delivery Truck,Consumer,Office Supplies,Appliances,Jumbo Drum,"1.7 Cubic Foot Compact ""Cube"" Office Refrigerators",0.58,Central,Illinois,Tinley Park,60477,10/1/2013,10/2/2013,457.81,26,5371.4,86135
18050,High,0.01,8.69,2.99,303,Bill Bowers Li,Regular Air,Consumer,Office Supplies,Binders and Binder Accessories,Small Box,"Cardinal Slant-D® Ring Binder, Heavy Gauge Vinyl",0.39,Central,Illinois,Tinley Park,60477,10/1/2013,10/3/2013,46.7075,14,126.81,86135
20621,Low,0.05,90.97,14,304,Alexandra Duke,Delivery Truck,Small Business,Technology,Office Machines,Jumbo Drum,Lexmark Z54se Color Inkjet Printer,0.36,East,Maryland,Parkville,21234,2/27/2013,3/5/2013,503.2377,8,729.33,87066
20672,High,0.06,179.29,29.21,304,Alexandra Duke,Delivery Truck,Consumer,Furniture,Tables,Jumbo Box,"Bevis Round Conference Table Top, X-Base",0.74,East,Maryland,Parkville,21234,2/27/2013,3/1/2013,-433.290143,12,2151.35,87066
18224,High,0.07,65.99,8.99,304,Alexandra Duke,Regular Air,Consumer,Technology,Telephones and Communication,Small Box,SC-3160,0.59,East,Maryland,Parkville,21234,10/14/2013,10/17/2013,239.4,21,1121.39,87069
21410,Medium,0.06,350.99,39,305,Gayle Christian,Delivery Truck,Consumer,Furniture,Chairs & Chairmats,Jumbo Drum,Global Leather Executive Chair,0.55,East,Maryland,Perry Hall,21128,5/11/2011,5/13/2011,3057.7212,13,4431.48,87058
20932,Low,0.02,48.58,3.99,305,Gayle Christian,Regular Air,Small Business,Office Supplies,Appliances,Small Box,Belkin Premiere Surge Master II 8-outlet surge protector,0.56,East,Maryland,Perry Hall,21128,9/19/2011,9/21/2011,299.35,10,492.18,87060
20933,Low,0.03,205.99,8.99,305,Gayle Christian,Regular Air,Small Business,Technology,Telephones and Communication,Small Box,StarTAC 8000,0.6,East,Maryland,Perry Hall,21128,9/19/2011,9/21/2011,-522.995,3,540.09,87060
22216,High,0,6.37,5.19,305,Gayle Christian,Regular Air,Consumer,Office Supplies,Binders and Binder Accessories,Small Box,"C-Line Peel & Stick Add-On Filing Pockets, 8-3/4 x 5-1/8, 10/Pack",0.38,East,Maryland,Perry Hall,21128,1/6/2012,1/7/2012,-89.65262,13,85.07,87062
22217,High,0.1,500.98,26,305,Gayle Christian,Delivery Truck,Consumer,Furniture,Chairs & Chairmats,Jumbo Drum,Global Troy™ Executive Leather Low-Back Tilter,0.6,East,Maryland,Perry Hall,21128,1/6/2012,1/8/2012,2590.3004,9,4179.68,87062
22189,Critical,0,15.01,8.4,305,Gayle Christian,Express Air,Small Business,Office Supplies,Binders and Binder Accessories,Small Box,"GBC Prepunched Paper, 19-Hole, for Binding Systems, 24-lb",0.39,East,Maryland,Perry Hall,21128,7/22/2013,7/23/2013,-7.834536,4,66.04,87068
23302,High,0.01,8.33,1.99,306,Thomas McAllister,Regular Air,Small Business,Technology,Computer Peripherals,Small Pack,"80 Minute Slim Jewel Case CD-R , 10/Pack - Staples",0.52,East,Maryland,Pikesville,21208,8/14/2010,8/15/2010,15.8952,8,70.16,87057
23303,High,0.04,85.99,0.99,306,Thomas McAllister,Regular Air,Small Business,Technology,Telephones and Communication,Wrap Bag,Accessory34,0.55,East,Maryland,Pikesville,21208,8/14/2010,8/16/2010,855.9933,17,1240.57,87057
22708,Low,0.1,9.85,4.82,306,Thomas McAllister,Regular Air,Consumer,Office Supplies,Pens & Art Supplies,Wrap Bag,Lumber Crayons,0.47,East,Maryland,Pikesville,21208,6/6/2012,6/10/2012,-21.72,9,81.85,87063
22561,Medium,0.1,70.89,89.3,306,Thomas McAllister,Delivery Truck,Small Business,Furniture,Tables,Jumbo Box,KI Conference Tables,0.69,East,Maryland,Pikesville,21208,12/19/2012,12/19/2012,81.346275,19,1355.05,87064
23335,Critical,0.1,21.98,8.32,306,Thomas McAllister,Regular Air,Small Business,Office Supplies,Paper,Wrap Bag,Standard Line™ “While You Were Out” Hardbound Telephone Message Book,0.39,East,Maryland,Pikesville,21208,3/30/2013,4/2/2013,24.2,4,87.04,87067
24148,High,0.07,11.58,6.97,307,Roy Love,Regular Air,Consumer,Office Supplies,Envelopes,Small Box,"Peel & Seel® Recycled Catalog Envelopes, Brown",0.35,East,Maryland,Potomac,20854,5/26/2011,5/26/2011,-2.23,18,206.1,87059
24149,High,0,15.31,8.78,307,Roy Love,Regular Air,Consumer,Office Supplies,Storage & Organization,Small Box,Eldon Jumbo ProFile™ Portable File Boxes Graphite/Black,0.57,East,Maryland,Potomac,20854,5/26/2011,5/27/2011,-43.22,7,117.91,87059
23686,Not Specified,0.1,160.98,30,307,Roy Love,Delivery Truck,Consumer,Furniture,Chairs & Chairmats,Jumbo Drum,Office Star - Mid Back Dual function Ergonomic High Back Chair with 2-Way Adjustable Arms,0.62,East,Maryland,Potomac,20854,10/6/2011,10/7/2011,267.4072,14,2103.2,87061
23687,Not Specified,0,119.99,56.14,307,Roy Love,Delivery Truck,Consumer,Technology,Office Machines,Jumbo Box,Hewlett-Packard 2600DN Business Color Inkjet Printer,0.39,East,Maryland,Potomac,20854,10/6/2011,10/8/2011,-15.569172,7,923.29,87061
23688,Not Specified,0.02,35.99,5,307,Roy Love,Regular Air,Consumer,Technology,Telephones and Communication,Small Box,Accessory27,0.85,East,Maryland,Potomac,20854,10/6/2011,10/8/2011,-121.09284,15,483.05,87061
24816,Critical,0.01,15.04,1.97,307,Roy Love,Express Air,Consumer,Office Supplies,Paper,Wrap Bag,White GlueTop Scratch Pads,0.39,East,Maryland,Potomac,20854,12/20/2012,12/20/2012,255.7278,24,370.62,87065
23730,Low,0.04,100.98,35.84,307,Roy Love,Delivery Truck,Consumer,Furniture,Bookcases,Jumbo Box,"Bush Westfield Collection Bookcases, Fully Assembled",0.62,East,Maryland,Potomac,20854,10/29/2013,10/31/2013,-159.21,8,808.96,87070
5302,High,0.01,8.33,1.99,308,Glen Caldwell,Regular Air,Small Business,Technology,Computer Peripherals,Small Pack,"80 Minute Slim Jewel Case CD-R , 10/Pack - Staples",0.52,West,Washington,Seattle,98115,8/14/2010,8/15/2010,10.74,32,280.62,37760
3410,Medium,0.06,350.99,39,308,Glen Caldwell,Delivery Truck,Consumer,Furniture,Chairs & Chairmats,Jumbo Drum,Global Leather Executive Chair,0.55,West,Washington,Seattle,98115,5/11/2011,5/13/2011,3325.03,54,18407.67,24356
6148,High,0.07,11.58,6.97,308,Glen Caldwell,Regular Air,Consumer,Office Supplies,Envelopes,Small Box,"Peel & Seel® Recycled Catalog Envelopes, Brown",0.35,West,Washington,Seattle,98115,5/26/2011,5/26/2011,-2.23,71,812.96,43526
6149,High,0,15.31,8.78,308,Glen Caldwell,Regular Air,Consumer,Office Supplies,Storage & Organization,Small Box,Eldon Jumbo ProFile™ Portable File Boxes Graphite/Black,0.57,West,Washington,Seattle,98115,5/26/2011,5/27/2011,-43.22,28,471.62,43526
2932,Low,0.02,48.58,3.99,308,Glen Caldwell,Regular Air,Small Business,Office Supplies,Appliances,Small Box,Belkin Premiere Surge Master II 8-outlet surge protector,0.56,West,Washington,Seattle,98115,9/19/2011,9/21/2011,299.35,40,1968.73,21249
5687,Not Specified,0,119.99,56.14,308,Glen Caldwell,Delivery Truck,Consumer,Technology,Office Machines,Jumbo Box,Hewlett-Packard 2600DN Business Color Inkjet Printer,0.39,West,Washington,Seattle,98115,10/6/2011,10/8/2011,-17.29908,29,3825.05,40194
5688,Not Specified,0.02,35.99,5,308,Glen Caldwell,Regular Air,Consumer,Technology,Telephones and Communication,Small Box,Accessory27,0.85,West,Washington,Seattle,98115,10/6/2011,10/8/2011,-134.5476,61,1964.4,40194
4216,High,0,6.37,5.19,308,Glen Caldwell,Regular Air,Consumer,Office Supplies,Binders and Binder Accessories,Small Box,"C-Line Peel & Stick Add-On Filing Pockets, 8-3/4 x 5-1/8, 10/Pack",0.38,West,Washington,Seattle,98115,1/6/2012,1/7/2012,-115.6808,53,346.83,29958
4217,High,0.1,500.98,26,308,Glen Caldwell,Delivery Truck,Consumer,Furniture,Chairs & Chairmats,Jumbo Drum,Global Troy™ Executive Leather Low-Back Tilter,0.6,West,Washington,Seattle,98115,1/6/2012,1/8/2012,1363.316,36,16718.7,29958
4708,Low,0.1,9.85,4.82,308,Glen Caldwell,Regular Air,Consumer,Office Supplies,Pens & Art Supplies,Wrap Bag,Lumber Crayons,0.47,West,Washington,Seattle,98115,6/6/2012,6/10/2012,-27.15,35,318.32,33540
4561,Medium,0.1,70.89,89.3,308,Glen Caldwell,Delivery Truck,Small Business,Furniture,Tables,Jumbo Box,KI Conference Tables,0.69,West,Washington,Seattle,98115,12/19/2012,12/19/2012,54.23085,74,5277.58,32450
6816,Critical,0.01,15.04,1.97,308,Glen Caldwell,Express Air,Consumer,Office Supplies,Paper,Wrap Bag,White GlueTop Scratch Pads,0.39,West,Washington,Seattle,98115,12/20/2012,12/20/2012,327.45,94,1451.6,48515
2621,Low,0.05,90.97,14,308,Glen Caldwell,Delivery Truck,Small Business,Technology,Office Machines,Jumbo Drum,Lexmark Z54se Color Inkjet Printer,0.36,West,Washington,Seattle,98115,2/27/2013,3/5/2013,1101.9,33,3008.5,18950
2672,High,0.06,179.29,29.21,308,Glen Caldwell,Delivery Truck,Consumer,Furniture,Tables,Jumbo Box,"Bevis Round Conference Table Top, X-Base",0.74,West,Washington,Seattle,98115,2/27/2013,3/1/2013,-433.290143,46,8246.86,19332
5335,Critical,0.1,21.98,8.32,308,Glen Caldwell,Regular Air,Small Business,Office Supplies,Paper,Wrap Bag,Standard Line™ “While You Were Out” Hardbound Telephone Message Book,0.39,West,Washington,Seattle,98115,3/30/2013,4/2/2013,24.2,14,304.65,37895
4189,Critical,0,15.01,8.4,308,Glen Caldwell,Express Air,Small Business,Office Supplies,Binders and Binder Accessories,Small Box,"GBC Prepunched Paper, 19-Hole, for Binding Systems, 24-lb",0.39,West,Washington,Seattle,98115,7/22/2013,7/23/2013,-8.5905,14,231.13,29764
5303,High,0.04,85.99,0.99,308,Glen Caldwell,Regular Air,Small Business,Technology,Telephones and Communication,Wrap Bag,Accessory34,0.55,West,Washington,Seattle,98115,8/14/2013,8/16/2013,897.867,76,5546.06,37760
2933,Low,0.03,205.99,8.99,308,Glen Caldwell,Regular Air,Small Business,Technology,Telephones and Communication,Small Box,StarTAC 8000,0.6,West,Washington,Seattle,98115,9/19/2013,9/21/2013,-522.995,15,2700.43,21249
5686,Not Specified,0.1,160.98,30,308,Glen Caldwell,Delivery Truck,Consumer,Furniture,Chairs & Chairmats,Jumbo Drum,Office Star - Mid Back Dual function Ergonomic High Back Chair with 2-Way Adjustable Arms,0.62,West,Washington,Seattle,98115,10/6/2013,10/7/2013,290.66,63,9464.39,40194
224,High,0.07,65.99,8.99,308,Glen Caldwell,Regular Air,Consumer,Technology,Telephones and Communication,Small Box,SC-3160,0.59,West,Washington,Seattle,98115,10/14/2013,10/17/2013,239.4,84,4485.54,1447
5730,Low,0.04,100.98,35.84,308,Glen Caldwell,Delivery Truck,Consumer,Furniture,Bookcases,Jumbo Box,"Bush Westfield Collection Bookcases, Fully Assembled",0.62,West,Washington,Seattle,98115,10/29/2013,10/31/2013,-159.21,34,3438.06,40672
26167,Medium,0,420.98,19.99,310,Florence Clayton,Regular Air,Consumer,Office Supplies,Binders and Binder Accessories,Small Box,GBC DocuBind 200 Manual Binding Machine,0.35,West,California,Lawndale,90260,5/11/2011,5/13/2011,416.0155,2,867.22,89830
26168,Medium,0.02,6.48,9.68,310,Florence Clayton,Regular Air,Consumer,Office Supplies,Paper,Small Box,Xerox 1993,0.36,West,California,Lawndale,90260,5/11/2011,5/12/2011,-238.45,16,110.21,89830
26041,Critical,0.09,7.68,6.16,310,Florence Clayton,Regular Air,Consumer,Office Supplies,Binders and Binder Accessories,Small Box,GBC VeloBinder Strips,0.35,West,California,Lawndale,90260,5/14/2012,5/15/2012,-56.1085,9,67.1,89831
19212,Low,0.09,9.99,6.24,310,Florence Clayton,Express Air,Consumer,Technology,Office Machines,Medium Box,Canon F603 Scientific Calculator,0.36,West,California,Lawndale,90260,8/20/2012,8/27/2012,-8.419164,7,78.82,89832
22998,Critical,0.03,4.82,5.72,310,Florence Clayton,Regular Air,Consumer,Furniture,Office Furnishings,Small Pack,Magna Visual Magnetic Picture Hangers,0.47,West,California,Lawndale,90260,11/10/2012,11/11/2012,28.848,37,179.64,89833
21637,Medium,0.08,5.78,4.96,310,Florence Clayton,Regular Air,Consumer,Office Supplies,Paper,Small Box,Xerox 1899,0.36,West,California,Lawndale,90260,6/22/2013,6/23/2013,-57.16,18,104.28,89834
26169,Medium,0.07,36.55,13.89,311,Caroline Ingram,Regular Air,Consumer,Office Supplies,Pens & Art Supplies,Wrap Bag,"Dixon Ticonderoga Core-Lock Colored Pencils, 48-Color Set",0.41,West,California,Lemon Grove,91945,5/11/2011,5/13/2011,202.68,17,588.55,89830
24437,Low,0.01,37.94,5.08,313,Ruth Stout,Regular Air,Corporate,Office Supplies,Paper,Wrap Bag,"Snap-A-Way® Black Print Carbonless Ruled Speed Letter, Triplicate",0.38,West,California,Foster City,94404,7/21/2011,7/26/2011,156.4989,6,226.81,89168
25361,Not Specified,0.05,320.98,58.95,313,Ruth Stout,Delivery Truck,Corporate,Furniture,Chairs & Chairmats,Jumbo Drum,Hon 4070 Series Pagoda™ Round Back Stacking Chairs,0.57,West,California,Foster City,94404,9/10/2011,9/11/2011,803.48,10,3076.1,89169
23047,Not Specified,0.05,6.23,6.97,313,Ruth Stout,Regular Air,Corporate,Office Supplies,Binders and Binder Accessories,Small Box,Avery Hole Reinforcements,0.36,West,California,Foster City,94404,3/3/2013,3/5/2013,-74.4395,5,33.62,89170
24263,Medium,0.09,810.98,16.06,313,Ruth Stout,Delivery Truck,Corporate,Technology,Office Machines,Jumbo Drum,Okidata ML591 Wide Format Dot Matrix Printer,0.56,West,California,Foster City,94404,8/7/2013,8/9/2013,7628.0328,14,11055.12,89172
21165,Low,0.1,110.98,35,313,Ruth Stout,Regular Air,Corporate,Office Supplies,Storage & Organization,Large Box,"Carina Mini System Audio Rack, Model AR050B",0.82,West,California,Foster City,94404,12/7/2013,12/12/2013,-79.03056,1,119.38,89173
18853,Medium,0.04,1637.53,24.49,314,Ruby Gibbons,Regular Air,Corporate,Office Supplies,"Scissors, Rulers and Trimmers",Medium Box,High Speed Automatic Electric Letter Opener,0.81,Central,Illinois,Forest Park,60130,3/20/2010,3/22/2010,-1759.58,2,3206.94,89166
19017,Medium,0.05,15.67,1.39,314,Ruby Gibbons,Regular Air,Corporate,Office Supplies,Envelopes,Small Box,"#10 White Business Envelopes,4 1/8 x 9 1/2",0.38,Central,Illinois,Forest Park,60130,6/8/2011,6/9/2011,197.1123,19,285.67,89167
19551,Medium,0.05,43.41,2.99,314,Ruby Gibbons,Regular Air,Corporate,Office Supplies,Binders and Binder Accessories,Small Box,Satellite Sectional Post Binders,0.39,Central,Illinois,Forest Park,60130,3/17/2013,3/18/2013,58.6155,2,84.95,89171
18852,Medium,0.01,19.98,4,315,Benjamin Kaufman,Regular Air,Corporate,Technology,Computer Peripherals,Small Box,Belkin 105-Key Black Keyboard,0.68,East,Massachusetts,Belchertown,1007,3/20/2010,3/20/2010,-72.23,2,43.08,89166
18032,Not Specified,0.09,7.38,5.21,317,Katherine Kearney,Regular Air,Corporate,Furniture,Office Furnishings,Small Box,"Eldon® Expressions™ Wood Desk Accessories, Oak",0.56,West,California,Lemon Grove,91945,6/17/2010,6/18/2010,-27.16,9,66.55,86041
18033,Not Specified,0.04,5.98,5.15,317,Katherine Kearney,Regular Air,Corporate,Office Supplies,Paper,Small Box,Xerox 193,0.36,West,California,Lemon Grove,91945,6/17/2010,6/18/2010,-52.344,17,103.49,86041
18034,Not Specified,0.04,15.42,10.68,317,Katherine Kearney,Regular Air,Corporate,Office Supplies,Storage & Organization,Small Box,"Decoflex Hanging Personal Folder File, Blue",0.58,West,California,Lemon Grove,91945,6/17/2010,6/18/2010,-119.936,12,192.18,86041
23044,Not Specified,0.05,280.98,57,317,Katherine Kearney,Delivery Truck,Corporate,Furniture,Chairs & Chairmats,Jumbo Drum,Hon 2090 “Pillow Soft” Series Mid Back Swivel/Tilt Chairs,0.78,West,California,Lemon Grove,91945,11/17/2013,11/19/2013,207.988,5,1475.58,86044
23045,Not Specified,0.09,14.03,9.37,317,Katherine Kearney,Regular Air,Corporate,Office Supplies,Storage & Organization,Small Box,Project Tote Personal File,0.56,West,California,Lemon Grove,91945,11/17/2013,11/18/2013,105.15168,43,562.88,86044
23334,Not Specified,0.04,29.99,5.5,318,Timothy Barker,Regular Air,Corporate,Technology,Computer Peripherals,Small Box,Logitech Cordless Access Keyboard,0.51,East,New Jersey,Irvington,7111,11/24/2012,11/25/2012,56.518,12,374.38,86042
24150,Not Specified,0.05,4.98,4.72,319,Jenny Henry,Regular Air,Corporate,Office Supplies,Paper,Small Box,Xerox 1949,0.36,East,New Jersey,Maple Shade,8052,5/14/2013,5/15/2013,-55.54,9,44.47,86043
20641,Low,0.04,8.33,1.99,321,Arthur Lowe Nash,Regular Air,Consumer,Technology,Computer Peripherals,Small Pack,"80 Minute Slim Jewel Case CD-R , 10/Pack - Staples",0.52,East,Maryland,Potomac,20854,10/4/2010,10/9/2010,9.9268,11,89.76,91057
25670,High,0.03,31.74,12.62,322,Regina Kelley,Regular Air,Home Office,Office Supplies,Binders and Binder Accessories,Small Box,GBC Wire Binding Strips,0.37,East,Maryland,Randallstown,21133,2/11/2013,2/12/2013,174.7175,8,264.34,91058
24411,Critical,0,3.58,5.47,324,Lester Stuart,Regular Air,Corporate,Office Supplies,Binders and Binder Accessories,Small Box,Avery Poly Binder Pockets,0.37,Central,Minnesota,Roseville,55113,8/9/2011,8/10/2011,-35.09662,9,36.74,91524
22879,Not Specified,0.01,10.23,4.68,324,Lester Stuart,Regular Air,Corporate,Office Supplies,"Scissors, Rulers and Trimmers",Small Pack,Acme® Box Cutter Scissors,0.59,Central,Minnesota,Roseville,55113,11/1/2011,11/2/2011,2.042,39,426.6,91525
25569,Critical,0.01,195.99,3.99,324,Lester Stuart,Express Air,Corporate,Technology,Telephones and Communication,Small Box,CF 888,0.59,Central,Minnesota,Roseville,55113,6/22/2012,6/22/2012,-42.9528,5,838.18,91526
25809,Low,0,306.14,26.53,324,Lester Stuart,Delivery Truck,Corporate,Technology,Office Machines,Jumbo Drum,Okidata ML184 Turbo Dot Matrix Printers,0.56,Central,Minnesota,Roseville,55113,11/19/2012,11/26/2012,9195.975,41,13327.5,91527
23876,Critical,0.02,12.98,3.14,324,Lester Stuart,Regular Air,Corporate,Office Supplies,"Scissors, Rulers and Trimmers",Small Pack,"Acme® 8"" Straight Scissors",0.6,Central,Minnesota,Roseville,55113,12/3/2013,12/5/2013,128.92672,25,325.97,91528
25111,Not Specified,0.06,7.99,5.03,326,Brenda May,Regular Air,Consumer,Technology,Telephones and Communication,Medium Box,Bell Sonecor JB700 Caller ID,0.6,Central,Illinois,Batavia,60510,12/9/2010,12/10/2010,-29.172,4,28.46,90973
21052,Low,0.08,51.75,19.99,326,Brenda May,Regular Air,Consumer,Furniture,Office Furnishings,Small Box,"Howard Miller 13-3/4"" Diameter Brushed Chrome Round Wall Clock",0.55,Central,Illinois,Batavia,60510,4/1/2011,4/8/2011,135.79,5,249.95,90974
21053,Low,0.1,55.29,5.08,326,Brenda May,Regular Air,Consumer,Office Supplies,Storage & Organization,Small Box,Recycled Steel Personal File for Standard File Folders,0.59,Central,Illinois,Batavia,60510,4/1/2011,4/3/2011,103.38,4,204.3,90974
20487,Not Specified,0.08,130.98,30,326,Brenda May,Delivery Truck,Consumer,Furniture,Chairs & Chairmats,Jumbo Drum,"Office Star - Contemporary Task Swivel chair with 2-way adjustable arms, Plum",0.78,Central,Illinois,Batavia,60510,8/28/2013,8/30/2013,-218.07168,14,1719.45,90976
20455,Medium,0.02,8.33,1.99,327,Sherri McKinney,Regular Air,Consumer,Technology,Computer Peripherals,Small Pack,"80 Minute Slim Jewel Case CD-R , 10/Pack - Staples",0.52,Central,Oklahoma,Bartlesville,74006,9/25/2011,9/27/2011,21.07,10,89.11,90975
20456,Medium,0,30.98,6.5,327,Sherri McKinney,Regular Air,Consumer,Technology,Computer Peripherals,Small Box,Logitech Internet Navigator Keyboard,0.79,Central,Oklahoma,Bartlesville,74006,9/25/2011,9/26/2011,-109.91,5,160.71,90975
20457,Medium,0.06,22.98,7.58,327,Sherri McKinney,Express Air,Consumer,Furniture,Office Furnishings,Small Box,"Seth Thomas 12"" Clock w/ Goldtone Case",0.51,Central,Oklahoma,Bartlesville,74006,9/25/2011,9/26/2011,206.56,21,478.61,90975
19159,Medium,0.06,296.18,54.12,329,Faye Dyer,Delivery Truck,Home Office,Furniture,Tables,Jumbo Box,Hon 94000 Series Round Tables,0.76,East,Maine,Sanford,4073,4/14/2010,4/15/2010,-715.778206,5,1170.21,89726
24620,Medium,0.1,205.99,5.99,330,Victoria Reed,Regular Air,Home Office,Technology,Telephones and Communication,Small Box,3285,0.59,East,Maine,Westbrook,4092,10/25/2012,10/27/2012,1370.76228,20,3309.23,89727
19158,Medium,0.01,29.1,4,331,Bradley Pollock,Express Air,Home Office,Technology,Computer Peripherals,Small Box,Acco Keyboard-In-A-Box®,0.78,East,New Hampshire,Goffstown,3045,4/14/2010,4/16/2010,-22.82,8,243.32,89726
24619,Medium,0.05,59.98,3.99,332,Rhonda Cummings,Regular Air,Home Office,Office Supplies,Appliances,Small Box,Belkin 8 Outlet SurgeMaster II Gold Surge Protector,0.57,East,New Jersey,Fair Lawn,7410,10/25/2012,10/27/2012,607.2552,18,1066.68,89727
21303,Not Specified,0.09,199.99,24.49,333,Karl Holloway,Regular Air,Home Office,Technology,Copiers and Fax,Large Box,Canon PC-428 Personal Copier,0.46,East,Vermont,Essex Junction,5451,8/28/2013,8/28/2013,3263.4999,24,4729.71,89728
18261,Critical,0.06,276.2,24.49,335,Curtis O'Connell,Regular Air,Corporate,Furniture,Chairs & Chairmats,Large Box,SAFCO Arco Folding Chair,,West,Oregon,Medford,97504,5/4/2010,5/5/2010,2639.4708,14,3825.32,87277
18262,Critical,0.09,6.28,5.29,335,Curtis O'Connell,Regular Air,Corporate,Furniture,Office Furnishings,Small Box,"Eldon® 200 Class™ Desk Accessories, Burgundy",0.43,West,Oregon,Medford,97504,5/4/2010,5/4/2010,-5.2,1,8.53,87277
19318,Not Specified,0.1,25.98,14.36,336,Emma Sparks,Delivery Truck,Corporate,Furniture,Chairs & Chairmats,Jumbo Drum,"Global Stack Chair without Arms, Black",0.6,West,Oregon,Oregon City,97045,9/5/2011,9/7/2011,-335.22,21,502.35,87278
19319,Not Specified,0.09,4.13,0.99,336,Emma Sparks,Regular Air,Corporate,Office Supplies,Labels,Small Box,Avery 491,0.39,West,Oregon,Oregon City,97045,9/5/2011,9/5/2011,6.7,5,19.8,87278
19320,Not Specified,0,125.99,5.63,336,Emma Sparks,Regular Air,Corporate,Technology,Telephones and Communication,Small Box,8290,0.6,West,Oregon,Oregon City,97045,9/5/2011,9/5/2011,516.186,10,1135.17,87278
21449,Critical,0.06,2.16,6.05,336,Emma Sparks,Regular Air,Corporate,Office Supplies,Binders and Binder Accessories,Small Box,Peel & Stick Add-On Corner Pockets,0.37,West,Oregon,Oregon City,97045,8/9/2012,8/12/2012,-44.3417,8,19.9,87279
22120,Not Specified,0.08,200.98,23.76,336,Emma Sparks,Delivery Truck,Corporate,Furniture,Chairs & Chairmats,Jumbo Drum,"Global Leather Highback Executive Chair with Pneumatic Height Adjustment, Black",0.58,West,Oregon,Oregon City,97045,10/2/2012,10/4/2012,1632.5676,20,3894.82,87280
22121,Not Specified,0.06,810.98,16.06,336,Emma Sparks,Delivery Truck,Corporate,Technology,Office Machines,Jumbo Drum,Okidata ML591 Wide Format Dot Matrix Printer,0.56,West,Oregon,Oregon City,97045,10/2/2012,10/3/2012,2811.2624,10,7851.91,87280
22122,Not Specified,0.06,4.71,0.7,336,Emma Sparks,Regular Air,Corporate,Office Supplies,Rubber Bands,Wrap Bag,Sterling Rubber Bands by Alliance,0.85,West,Oregon,Oregon City,97045,10/2/2012,10/2/2012,-15.7032,15,68.08,87280
20044,Critical,0.02,35.99,5.99,336,Emma Sparks,Regular Air,Corporate,Technology,Telephones and Communication,Wrap Bag,Accessory41,0.38,West,Oregon,Oregon City,97045,12/2/2012,12/3/2012,339.4041,16,491.89,87281
23986,Critical,0.09,400.97,48.26,337,Jonathan Cheng,Delivery Truck,Corporate,Technology,Office Machines,Jumbo Box,Hewlett-Packard Deskjet 1220Cse Color Inkjet Printer,0.36,West,Oregon,Portland,97206,8/9/2013,8/10/2013,3793.1853,15,5497.37,87282
25842,Low,0.09,5.68,1.39,337,Jonathan Cheng,Regular Air,Corporate,Office Supplies,Envelopes,Small Box,Staples Standard Envelopes,0.38,West,Oregon,Portland,97206,10/14/2013,10/19/2013,8.82,5,27.83,87283
25754,Medium,0.04,70.89,89.3,337,Jonathan Cheng,Delivery Truck,Corporate,Furniture,Tables,Jumbo Box,KI Conference Tables,0.72,West,Oregon,Portland,97206,11/16/2013,11/17/2013,85.45024,3,246.2,87284
23481,Medium,0.08,7.77,9.23,339,Bobby Clements,Regular Air,Corporate,Office Supplies,Appliances,Small Box,Hoover Commercial Soft Guard Upright Vacuum And Disposable Filtration Bags,0.58,East,Ohio,Columbus,43229,9/17/2010,9/18/2010,-83.65,5,40.3,90583
23482,Medium,0.07,7.59,4,339,Bobby Clements,Regular Air,Corporate,Furniture,Office Furnishings,Wrap Bag,"Master Giant Foot® Doorstop, Safety Yellow",0.42,East,Ohio,Columbus,43229,9/17/2010,9/19/2010,24.39,15,111.88,90583
19820,Not Specified,0.08,3.25,49,339,Bobby Clements,Regular Air,Corporate,Office Supplies,Appliances,Large Box,"Bravo II™ Megaboss® 12-Amp Hard Body Upright, Replacement Belts, 2 Belts per Pack",0.56,East,Ohio,Columbus,43229,4/22/2011,4/24/2011,-2149.8,12,49.02,90584
23372,Low,0.09,4.98,7.44,339,Bobby Clements,Regular Air,Corporate,Office Supplies,Paper,Small Box,Xerox 1922,0.36,East,Ohio,Columbus,43229,12/12/2011,12/12/2011,-24.765,5,26.38,90585
21457,Medium,0,85.99,1.25,339,Bobby Clements,Regular Air,Corporate,Technology,Telephones and Communication,Small Pack,Accessory8,0.39,East,Ohio,Columbus,43229,4/29/2013,5/1/2013,435.7419,8,631.51,90586
23806,Critical,0.08,5.78,7.96,340,Wanda Link Fuller,Regular Air,Corporate,Office Supplies,Paper,Small Box,Xerox 196,0.36,East,Ohio,Cuyahoga Falls,44221,12/6/2013,12/7/2013,-4.31088,1,9.41,90587
23478,Low,0.02,65.99,4.99,341,Donna Ross,Regular Air,Corporate,Technology,Telephones and Communication,Small Box,T193,0.57,East,Connecticut,Seymour,6478,10/28/2013,11/4/2013,310.185,14,815.75,88155
480,Critical,0.01,3.26,1.86,342,Jacqueline Noble,Regular Air,Corporate,Office Supplies,Pens & Art Supplies,Wrap Bag,"Avery Hi-Liter GlideStik Fluorescent Highlighter, Yellow Ink",0.41,South,Florida,Miami,33181,11/4/2010,11/6/2010,-4.6683,20,73.97,3332
4538,Low,0.04,115.99,5.99,342,Jacqueline Noble,Regular Air,Corporate,Technology,Telephones and Communication,Small Box,2160,0.57,South,Florida,Miami,33181,2/15/2013,2/22/2013,1073.0988,49,5008.76,32292
4539,Low,0.07,11.55,2.36,342,Jacqueline Noble,Regular Air,Corporate,Office Supplies,Pens & Art Supplies,Wrap Bag,Newell 309,0.55,South,Florida,Miami,33181,2/15/2013,2/17/2013,-8.9509,1,13.53,32292
7240,Medium,0.03,13.48,4.51,342,Jacqueline Noble,Regular Air,Corporate,Office Supplies,Storage & Organization,Small Box,"Tenex Personal Project File with Scoop Front Design, Black",0.59,South,Florida,Miami,33181,3/8/2013,3/9/2013,-3.3915,12,173.97,51620
4784,Critical,0.03,15.23,27.75,342,Jacqueline Noble,Delivery Truck,Corporate,Furniture,Tables,Jumbo Box,Anderson Hickey Conga Table Tops & Accessories,0.76,South,Florida,Miami,33181,7/31/2013,8/1/2013,7.8061365,32,511.35,33959
5477,Low,0.01,152.48,4,342,Jacqueline Noble,Regular Air,Corporate,Technology,Computer Peripherals,Small Box,Adesso Programmable 142-Key Keyboard,0.79,South,Florida,Miami,33181,10/28/2013,10/30/2013,407.963,97,14642.66,38912
5478,Low,0.02,65.99,4.99,342,Jacqueline Noble,Regular Air,Corporate,Technology,Telephones and Communication,Small Box,T193,0.57,South,Florida,Miami,33181,10/28/2013,11/4/2013,207.82395,55,3204.73,38912
22784,Critical,0.03,15.23,27.75,343,Lynn Epstein,Delivery Truck,Corporate,Furniture,Tables,Jumbo Box,Anderson Hickey Conga Table Tops & Accessories,0.76,East,Maine,Bangor,4401,7/31/2010,8/1/2010,11.65095,7,111.86,88151
18480,Critical,0.01,3.26,1.86,344,Rosemary English,Regular Air,Corporate,Office Supplies,Pens & Art Supplies,Wrap Bag,"Avery Hi-Liter GlideStik Fluorescent Highlighter, Yellow Ink",0.41,East,Maine,Portland,4101,11/4/2010,11/6/2010,0.702,5,18.49,88152
22538,Low,0.04,115.99,5.99,345,Theresa Haynes,Regular Air,Corporate,Technology,Telephones and Communication,Small Box,2160,0.57,East,New Hampshire,Laconia,3246,2/15/2013,2/22/2013,846.3816,12,1226.64,88153
25240,Medium,0.03,13.48,4.51,346,Walter Jensen,Regular Air,Corporate,Office Supplies,Storage & Organization,Small Box,"Tenex Personal Project File with Scoop Front Design, Black",0.59,East,New Hampshire,Manchester,3101,3/8/2013,3/9/2013,-2.55,3,43.49,88154
23477,Low,0.01,152.48,4,347,Alexandra Lambert,Regular Air,Corporate,Technology,Computer Peripherals,Small Box,Adesso Programmable 142-Key Keyboard,0.79,East,New Jersey,Cliffside Park,7010,10/28/2013,10/30/2013,608.9,24,3622.93,88155
22539,Low,0.07,11.55,2.36,348,Justin Kennedy,Regular Air,Corporate,Office Supplies,Pens & Art Supplies,Wrap Bag,Newell 309,0.55,East,Rhode Island,Tiverton,2878,2/15/2013,2/17/2013,-6.73,1,13.53,88153
2408,Critical,0,8.34,2.64,349,Kim Weiss,Express Air,Home Office,Office Supplies,"Scissors, Rulers and Trimmers",Small Pack,Acme® Elite Stainless Steel Scissors,0.59,South,Florida,Miami,33132,6/9/2010,6/11/2010,5.8625,23,212.89,17446
1595,Medium,0.04,99.23,8.99,349,Kim Weiss,Regular Air,Home Office,Furniture,Office Furnishings,Small Pack,"GE 48"" Fluorescent Tube, Cool White Energy Saver, 34 Watts, 30/Box",0.35,South,Florida,Miami,33132,7/2/2010,7/4/2010,1916.6757,54,5555.6,11527
5728,Critical,0.05,11.58,5.72,349,Kim Weiss,Regular Air,Home Office,Office Supplies,Envelopes,Small Box,"Peel & Seel® Recycled Catalog Envelopes, Brown",0.35,South,Florida,Miami,33132,4/5/2012,4/7/2012,7.236,26,292.49,40643
682,Not Specified,0.01,2.88,0.5,349,Kim Weiss,Regular Air,Home Office,Office Supplies,Labels,Small Box,Avery 49,0.36,South,Florida,Miami,33132,4/13/2012,4/14/2012,32.5821,46,131.72,4769
5257,Low,0.09,550.98,64.59,349,Kim Weiss,Delivery Truck,Home Office,Furniture,Tables,Jumbo Box,"Chromcraft Bull-Nose Wood 48"" x 96"" Rectangular Conference Tables",0.66,South,Florida,Miami,33132,9/9/2012,9/11/2012,-1770.965977,76,40136.93,37414
2136,Medium,0.07,1270.99,19.99,349,Kim Weiss,Regular Air,Home Office,Office Supplies,Binders and Binder Accessories,Small Box,Fellowes PB500 Electric Punch Plastic Comb Binding Machine with Manual Bind,0.35,South,Florida,Miami,33132,11/17/2012,11/19/2012,-542.926615,10,11938.4,15264
2137,Medium,0.07,7.31,0.49,349,Kim Weiss,Regular Air,Home Office,Office Supplies,Labels,Small Box,Self-Adhesive Address Labels for Typewriters by Universal,0.38,South,Florida,Miami,33132,11/17/2012,11/17/2012,22.1435,44,305.12,15264
6643,Critical,0.02,5.98,5.46,349,Kim Weiss,Regular Air,Home Office,Office Supplies,Paper,Small Box,Xerox 1983,0.36,South,Florida,Miami,33132,12/10/2012,12/11/2012,-80.9039,62,374.26,47265
18682,Not Specified,0.01,2.88,0.5,350,Holly Carey,Regular Air,Home Office,Office Supplies,Labels,Small Box,Avery 49,0.36,East,New York,Valley Stream,11580,4/13/2012,4/14/2012,21.735,11,31.5,88688
20408,Critical,0,8.34,2.64,351,Juanita Coley Knox,Express Air,Home Office,Office Supplies,"Scissors, Rulers and Trimmers",Small Pack,Acme® Elite Stainless Steel Scissors,0.59,East,New York,Watertown,13601,6/9/2010,6/11/2010,10.5,6,55.54,88685
19595,Medium,0.04,99.23,8.99,351,Juanita Coley Knox,Regular Air,Home Office,Furniture,Office Furnishings,Small Pack,"GE 48"" Fluorescent Tube, Cool White Energy Saver, 34 Watts, 30/Box",0.35,East,New York,Watertown,13601,7/2/2010,7/4/2010,993.8346,14,1440.34,88686
23728,Critical,0.05,11.58,5.72,351,Juanita Coley Knox,Regular Air,Home Office,Office Supplies,Envelopes,Small Box,"Peel & Seel® Recycled Catalog Envelopes, Brown",0.35,East,New York,Watertown,13601,4/5/2012,4/7/2012,10.8,6,67.5,88687
23257,Low,0.09,550.98,64.59,351,Juanita Coley Knox,Delivery Truck,Home Office,Furniture,Tables,Jumbo Box,"Chromcraft Bull-Nose Wood 48"" x 96"" Rectangular Conference Tables",0.66,East,New York,Watertown,13601,9/9/2012,9/11/2012,-1331.553366,19,10034.23,88689
20136,Medium,0.07,1270.99,19.99,351,Juanita Coley Knox,Regular Air,Home Office,Office Supplies,Binders and Binder Accessories,Small Box,Fellowes PB500 Electric Punch Plastic Comb Binding Machine with Manual Bind,0.35,East,New York,Watertown,13601,11/17/2012,11/19/2012,81.6431,3,3581.52,88690
20137,Medium,0.07,7.31,0.49,351,Juanita Coley Knox,Regular Air,Home Office,Office Supplies,Labels,Small Box,Self-Adhesive Address Labels for Typewriters by Universal,0.38,East,New York,Watertown,13601,11/17/2012,11/17/2012,52.6332,11,76.28,88690
24643,Critical,0.02,5.98,5.46,351,Juanita Coley Knox,Regular Air,Home Office,Office Supplies,Paper,Small Box,Xerox 1983,0.36,East,New York,Watertown,13601,12/10/2012,12/11/2012,-30.415,16,96.58,88691
19107,Low,0.08,4.89,4.93,353,Bonnie Chambers,Express Air,Home Office,Technology,Computer Peripherals,Small Pack,"Maxell 3.5"" DS/HD IBM-Formatted Diskettes, 10/Pack",0.66,West,Arizona,Glendale,85301,5/14/2010,5/14/2010,-165.45,17,84.76,89647
19108,Low,0.07,6.68,6.92,353,Bonnie Chambers,Regular Air,Home Office,Office Supplies,Paper,Small Box,Xerox 1898,0.37,West,Arizona,Glendale,85301,5/14/2010,5/21/2010,-141.12,16,104.84,89647
24962,Low,0.07,10.98,3.37,354,Joanna Hill,Express Air,Home Office,Office Supplies,"Scissors, Rulers and Trimmers",Small Pack,Fiskars® Softgrip Scissors,0.57,West,Arizona,Goodyear,85338,10/3/2011,10/7/2011,15.778,17,181.66,89648
21162,Low,0.1,67.84,0.99,354,Joanna Hill,Regular Air,Home Office,Office Supplies,Appliances,Small Box,Fellowes Command Center 5-outlet power strip,0.58,West,Arizona,Goodyear,85338,10/9/2012,10/11/2012,640.4764,19,1171.67,89650
20859,Medium,0.02,4.76,3.01,354,Joanna Hill,Express Air,Home Office,Office Supplies,Paper,Wrap Bag,"TOPS Voice Message Log Book, Flash Format",0.36,West,Arizona,Goodyear,85338,4/15/2013,4/16/2013,4.59,7,36.47,89651
21680,High,0.1,40.98,6.5,354,Joanna Hill,Regular Air,Home Office,Technology,Computer Peripherals,Small Box,Targus USB Numeric Keypad,0.74,West,Arizona,Goodyear,85338,5/26/2013,5/28/2013,-83.28,13,505.61,89652
21681,High,0.04,62.18,12.78,354,Joanna Hill,Regular Air,Home Office,Office Supplies,Storage & Organization,Small Box,"Fellowes Mobile File Cart, Black",0.58,West,Arizona,Goodyear,85338,5/26/2013,5/27/2013,430.32,15,917.56,89652
25778,Medium,0.05,500.98,28.14,355,Grace Vaughn,Delivery Truck,Home Office,Technology,Office Machines,Jumbo Drum,"Hewlett-Packard cp1700 [D, PS] Series Color Inkjet Printers",0.38,West,Arizona,Kingman,86401,11/26/2011,11/27/2011,8917.7187,29,12924.23,89649
26188,Critical,0.07,2.08,2.56,355,Grace Vaughn,Regular Air,Home Office,Office Supplies,"Scissors, Rulers and Trimmers",Small Pack,Kleencut® Forged Office Shears by Acme United Corporation,0.55,West,Arizona,Kingman,86401,11/12/2013,11/13/2013,38.34032,44,92.52,89653
20760,Critical,0.07,124.49,51.94,357,Barbara McNamara,Delivery Truck,Corporate,Furniture,Tables,Jumbo Box,Bevis 36 x 72 Conference Tables,0.63,West,Arizona,Kingman,86401,11/24/2010,11/25/2010,74.992,14,1714.93,91131
21263,Critical,0.06,1.26,0.7,357,Barbara McNamara,Regular Air,Corporate,Office Supplies,Rubber Bands,Wrap Bag,Bagged Rubber Bands,0.81,West,Arizona,Kingman,86401,7/3/2011,7/4/2011,-2.73,1,1.62,91133
21264,Critical,0.04,80.98,35,357,Barbara McNamara,Regular Air,Corporate,Office Supplies,Storage & Organization,Large Box,Carina Double Wide Media Storage Towers in Natural & Black,0.81,West,Arizona,Kingman,86401,7/3/2011,7/4/2011,-921.68,11,874.4,91133
21265,Critical,0.07,65.99,5.26,357,Barbara McNamara,Regular Air,Corporate,Technology,Telephones and Communication,Small Box,8860,0.56,West,Arizona,Kingman,86401,7/3/2011,7/3/2011,-204.93,2,106.65,91133
23135,Not Specified,0.06,22.24,1.99,357,Barbara McNamara,Express Air,Corporate,Technology,Computer Peripherals,Small Pack,"Verbatim DVD-R, 3.95GB, SR, Mitsubishi Branded, Jewel",0.43,West,Arizona,Kingman,86401,11/18/2012,11/20/2012,239.4231,15,346.99,91134
22409,High,0.08,110.98,35,357,Barbara McNamara,Regular Air,Corporate,Office Supplies,Storage & Organization,Large Box,"Carina Mini System Audio Rack, Model AR050B",0.82,West,Arizona,Kingman,86401,8/26/2013,8/28/2013,-154.89568,5,550.37,91136
24627,Low,0.04,125.99,8.99,358,Chris F Brandt,Regular Air,Corporate,Technology,Telephones and Communication,Small Box,M70,0.59,East,Pennsylvania,King of Prussia,19406,1/9/2010,1/16/2010,-627.82192,1,107.95,91130
25735,Critical,0.05,15.23,27.75,358,Chris F Brandt,Delivery Truck,Corporate,Furniture,Tables,Jumbo Box,Anderson Hickey Conga Table Tops & Accessories,0.76,East,Pennsylvania,King of Prussia,19406,2/26/2011,2/28/2011,11.65095,5,81.12,91132
23456,Critical,0.09,65.99,8.99,358,Chris F Brandt,Express Air,Corporate,Technology,Telephones and Communication,Small Box,Talkabout T8367,0.56,East,Pennsylvania,King of Prussia,19406,5/7/2013,5/9/2013,308.934,14,733.05,91135
24864,Medium,0.01,6.48,7.49,358,Chris F Brandt,Regular Air,Corporate,Office Supplies,Paper,Small Box,Xerox 220,0.37,East,Pennsylvania,King of Prussia,19406,10/23/2013,10/25/2013,-28.88,4,30.45,91137
23623,Medium,0.01,6.68,6.92,360,Lindsay Shepherd,Regular Air,Small Business,Office Supplies,Paper,Small Box,Xerox 1898,0.37,West,California,Fresno,93727,1/1/2011,1/3/2011,-152.6068,11,75.24,87348
21862,Critical,0.02,348.21,40.19,360,Lindsay Shepherd,Delivery Truck,Small Business,Furniture,Tables,Jumbo Box,Bretford CR4500 Series Slim Rectangular Table,0.62,West,California,Fresno,93727,3/10/2012,3/12/2012,2528.6499,13,3664.71,87351
24828,High,0,4.98,0.8,360,Lindsay Shepherd,Regular Air,Small Business,Office Supplies,Paper,Wrap Bag,Rediform S.O.S. Phone Message Books,0.36,West,California,Fresno,93727,12/5/2012,12/6/2012,24.8331,7,35.99,87352
22778,Low,0.05,65.99,5.99,360,Lindsay Shepherd,Regular Air,Small Business,Technology,Telephones and Communication,Small Box,i1000,0.58,West,California,Fresno,93727,1/7/2013,1/11/2013,323.57304,9,519.3,87353
20248,Not Specified,0.08,125.99,4.2,361,Veronica Francis,Regular Air,Small Business,Technology,Telephones and Communication,Small Box,V3682,0.59,East,Maine,Bangor,4401,10/7/2011,10/9/2011,290.24712,11,1116.28,87350
20153,Critical,0.04,65.99,4.99,362,Warren Gibbs,Express Air,Small Business,Technology,Telephones and Communication,Small Box,T193,0.57,East,Maine,Saco,4072,5/13/2013,5/14/2013,565.7655,15,819.95,87355
20478,Critical,0.02,296.18,54.12,363,Erica Lyon,Delivery Truck,Small Business,Furniture,Tables,Jumbo Box,Hon 94000 Series Round Tables,0.76,East,New Jersey,Dumont,7628,3/25/2011,3/27/2011,-715.778206,6,1418.97,87349
20152,Critical,0.01,284.98,69.55,364,Evan Snow,Delivery Truck,Small Business,Furniture,Chairs & Chairmats,Jumbo Drum,Global Commerce™ Series High-Back Swivel/Tilt Chairs,0.6,East,New Jersey,Lyndhurst,7071,5/13/2013,5/15/2013,-51.28,2,629.27,87355
20151,Critical,0.02,125.99,4.2,365,Chris Bernstein,Regular Air,Small Business,Technology,Telephones and Communication,Small Box,V3682,0.59,East,Rhode Island,Coventry,2816,5/13/2013,5/15/2013,868.986,12,1259.4,87355
18278,Medium,0.05,328.14,91.05,366,Patrick Rosenthal,Delivery Truck,Small Business,Office Supplies,Appliances,Jumbo Drum,"Sanyo Counter Height Refrigerator with Crisper, 3.6 Cubic Foot, Stainless Steel/Black",0.57,East,Rhode Island,Cranston,2910,1/17/2010,1/19/2010,411.5172,6,1967.98,87347
20178,Critical,0.08,70.98,46.74,367,Richard Keller,Delivery Truck,Small Business,Furniture,Bookcases,Jumbo Box,"Hon Metal Bookcases, Putty",0.56,East,Rhode Island,Warwick,2886,4/9/2013,4/12/2013,-892.79,12,850.16,87354
24794,Low,0.09,19.23,6.15,369,Troy Moon,Express Air,Corporate,Furniture,Office Furnishings,Small Pack,"Executive Impressions 13"" Clairmont Wall Clock",0.44,West,California,Oakland,94601,10/11/2010,10/13/2010,211.232,21,394.1,90292
25214,Critical,0.04,110.98,13.99,369,Troy Moon,Regular Air,Corporate,Furniture,Office Furnishings,Medium Box,"Rubbermaid ClusterMat Chairmats, Mat Size- 66"" x 60"", Lip 20"" x 11"" -90 Degree Angle",0.69,West,California,Oakland,94601,3/3/2013,3/5/2013,820.94,11,1269.37,90294
25215,Critical,0,4.98,7.54,369,Troy Moon,Regular Air,Corporate,Office Supplies,Paper,Small Box,Xerox 1961,0.38,West,California,Oakland,94601,3/3/2013,3/5/2013,-24.43,1,6.54,90294
25216,Critical,0.09,1.81,1.56,369,Troy Moon,Regular Air,Corporate,Office Supplies,Rubber Bands,Wrap Bag,Colored Push Pins,0.49,West,California,Oakland,94601,3/3/2013,3/3/2013,-18.57,6,10.6,90294
23972,Critical,0.04,70.98,26.85,369,Troy Moon,Delivery Truck,Corporate,Furniture,Bookcases,Jumbo Box,"Safco Value Mate Steel Bookcase, Baked Enamel Finish on Steel, Black",,West,California,Oakland,94601,8/14/2013,8/16/2013,377.02648,23,1706.04,90295
23973,Critical,0.03,40.99,17.48,369,Troy Moon,Regular Air,Corporate,Office Supplies,Paper,Small Box,Xerox 1893,0.36,West,California,Oakland,94601,8/14/2013,8/15/2013,363.06312,16,677,90295
20401,Not Specified,0.02,20.99,4.81,370,Sam Oh,Regular Air,Corporate,Technology,Telephones and Communication,Medium Box,1726 Digital Answering Machine,0.58,East,Maine,Lewiston,4240,5/27/2010,5/29/2010,49.788,15,266.39,90291
20400,Not Specified,0.05,5.4,7.78,371,Roberta Mullins Peters,Express Air,Corporate,Office Supplies,Binders and Binder Accessories,Small Box,3M Organizer Strips,0.37,East,Massachusetts,Everett,2149,5/27/2010,5/29/2010,-132.6295,9,51.82,90291
19564,High,0,3.28,3.97,372,Doris Tyson,Regular Air,Corporate,Office Supplies,Pens & Art Supplies,Wrap Bag,Newell 337,0.56,East,Massachusetts,Lawrence,1840,10/18/2012,10/20/2012,-125.064,23,78.94,90293
3392,Not Specified,0.02,200.98,55.96,373,Jeanne Werner,Delivery Truck,Small Business,Furniture,Bookcases,Jumbo Box,O'Sullivan Living Dimensions 3-Shelf Bookcases,0.75,Central,Michigan,Detroit,48234,3/14/2010,3/16/2010,-163.63,45,9539.6,24193
3393,Not Specified,0.02,4.28,5.17,373,Jeanne Werner,Regular Air,Small Business,Office Supplies,Paper,Small Box,Xerox 1971,0.4,Central,Michigan,Detroit,48234,3/14/2010,3/15/2010,-63.87,24,109.86,24193
3394,Not Specified,0.04,85.99,0.99,373,Jeanne Werner,Regular Air,Small Business,Technology,Telephones and Communication,Wrap Bag,Accessory4,0.85,Central,Michigan,Detroit,48234,3/14/2010,3/16/2010,-175.175,19,1426.51,24193
2279,Critical,0.01,6.48,5.14,373,Jeanne Werner,Regular Air,Small Business,Office Supplies,Paper,Small Box,Xerox 23,0.37,Central,Michigan,Detroit,48234,10/9/2012,10/10/2012,-50.94,79,537.22,16422
2280,Critical,0.02,10.23,4.68,373,Jeanne Werner,Regular Air,Small Business,Office Supplies,"Scissors, Rulers and Trimmers",Small Pack,Acme® Box Cutter Scissors,0.59,Central,Michigan,Detroit,48234,10/9/2012,10/11/2012,-24.492,32,343,16422
3660,Medium,0.1,15.74,1.39,373,Jeanne Werner,Express Air,Small Business,Office Supplies,Envelopes,Small Box,"#10-4 1/8"" x 9 1/2"" Premium Diagonal Seam Envelopes",0.4,Central,Michigan,Detroit,48234,11/20/2012,11/21/2012,128.17,65,1045.75,26214
3661,Medium,0.08,46.94,6.77,373,Jeanne Werner,Regular Air,Small Business,Furniture,Office Furnishings,Small Box,"Howard Miller 13"" Diameter Goldtone Round Wall Clock",0.44,Central,Michigan,Detroit,48234,11/20/2012,11/21/2012,870.8,139,6445.84,26214
3508,High,0.09,55.99,2.5,373,Jeanne Werner,Regular Air,Small Business,Technology,Telephones and Communication,Small Pack,Accessory28,0.83,Central,Michigan,Detroit,48234,3/11/2013,3/13/2013,-226.82,36,1561.22,24993
20279,Critical,0.01,6.48,5.14,374,Kathy Cooke,Regular Air,Small Business,Office Supplies,Paper,Small Box,Xerox 23,0.37,South,Tennessee,Memphis,38109,10/9/2012,10/10/2012,-119.448,20,136.01,90919
20280,Critical,0.02,10.23,4.68,374,Kathy Cooke,Regular Air,Small Business,Office Supplies,"Scissors, Rulers and Trimmers",Small Pack,Acme® Box Cutter Scissors,0.59,South,Tennessee,Memphis,38109,10/9/2012,10/11/2012,67.044,8,85.75,90919
21392,Not Specified,0.02,200.98,55.96,375,Sandra Sharma,Delivery Truck,Small Business,Furniture,Bookcases,Jumbo Box,O'Sullivan Living Dimensions 3-Shelf Bookcases,0.75,South,Tennessee,Morristown,37814,3/14/2010,3/16/2010,-224.9478,11,2331.9,90917
21393,Not Specified,0.02,4.28,5.17,375,Sandra Sharma,Regular Air,Small Business,Office Supplies,Paper,Small Box,Xerox 1971,0.4,South,Tennessee,Morristown,37814,3/14/2010,3/15/2010,196.8,6,27.47,90917
21508,High,0.09,55.99,2.5,375,Sandra Sharma,Regular Air,Small Business,Technology,Telephones and Communication,Small Pack,Accessory28,0.83,South,Tennessee,Morristown,37814,3/11/2011,3/13/2011,-124.096,9,390.31,90918
21660,Medium,0.1,15.74,1.39,375,Sandra Sharma,Express Air,Small Business,Office Supplies,Envelopes,Small Box,"#10-4 1/8"" x 9 1/2"" Premium Diagonal Seam Envelopes",0.4,South,Tennessee,Morristown,37814,11/20/2012,11/21/2012,193.728,16,257.41,90920
21661,Medium,0.08,46.94,6.77,375,Sandra Sharma,Regular Air,Small Business,Furniture,Office Furnishings,Small Box,"Howard Miller 13"" Diameter Goldtone Round Wall Clock",0.44,South,Tennessee,Morristown,37814,11/20/2012,11/21/2012,99.819,35,1623.05,90920
21394,Not Specified,0.04,85.99,0.99,375,Sandra Sharma,Regular Air,Small Business,Technology,Telephones and Communication,Wrap Bag,Accessory4,0.85,South,Tennessee,Morristown,37814,3/14/2013,3/16/2013,27.222,5,375.4,90921
19073,Medium,0.03,25.98,5.37,377,Sylvia Bush,Regular Air,Consumer,Office Supplies,Appliances,Medium Box,3M Office Air Cleaner,0.5,Central,Illinois,Batavia,60510,10/17/2010,10/17/2010,250.0376,17,460.87,89579
19226,High,0.08,1.88,1.49,377,Sylvia Bush,Express Air,Consumer,Office Supplies,Binders and Binder Accessories,Small Box,Staples® General Use 3-Ring Binders,0.37,Central,Illinois,Batavia,60510,5/17/2012,5/18/2012,6.6654,2,9.66,89580
19227,High,0.1,6.48,5.86,377,Sylvia Bush,Express Air,Consumer,Office Supplies,Paper,Small Box,Xerox 1904,0.36,Central,Illinois,Batavia,60510,5/17/2012,5/18/2012,-78.02,16,105.69,89580
19228,High,0.08,102.3,21.26,378,Cindy Ennis,Express Air,Consumer,Furniture,Office Furnishings,Large Box,Luxo Professional Combination Clamp-On Lamps,0.59,Central,Illinois,Belleville,62223,5/17/2012,5/18/2012,737.94,14,1355.97,89580
19229,High,0.07,6.48,8.19,378,Cindy Ennis,Regular Air,Consumer,Office Supplies,Paper,Small Box,Xerox 217,0.37,Central,Illinois,Belleville,62223,5/17/2012,5/18/2012,-191.28,16,101.47,89580
19230,High,0.01,1.89,0.76,378,Cindy Ennis,Regular Air,Consumer,Office Supplies,Rubber Bands,Wrap Bag,Revere Boxed Rubber Bands by Revere,0.83,Central,Illinois,Belleville,62223,5/17/2012,5/19/2012,-21.49,18,34.99,89580
23075,Not Specified,0.02,35.99,3.3,378,Cindy Ennis,Regular Air,Consumer,Technology,Telephones and Communication,Small Pack,Accessory9,0.39,Central,Illinois,Belleville,62223,5/30/2012,5/31/2012,271.6047,13,393.63,89581
24007,Low,0.07,85.99,2.5,378,Cindy Ennis,Express Air,Consumer,Technology,Telephones and Communication,Small Box,Accessory12,0.35,Central,Illinois,Belleville,62223,2/6/2013,2/8/2013,195.5874,4,283.46,89582
21089,High,0.1,9.65,6.22,380,Marian Bryant,Regular Air,Corporate,Furniture,Office Furnishings,Small Box,"Eldon Expressions™ Desk Accessory, Wood Pencil Holder, Oak",0.55,Central,Illinois,Belvidere,61008,7/31/2011,7/31/2011,-79.72,15,142.6,88931
18769,Critical,0.05,5.88,3.04,380,Marian Bryant,Regular Air,Corporate,Office Supplies,Paper,Wrap Bag,"Adams Telephone Message Book W/Dividers/Space For Phone Numbers, 5 1/4""X8 1/2"", 300/Messages",0.36,Central,Illinois,Belvidere,61008,11/7/2011,11/8/2011,9.702,19,111.94,88932
20316,High,0.03,41.47,34.2,380,Marian Bryant,Regular Air,Corporate,Furniture,Office Furnishings,Wrap Bag,Eldon Econocleat® Chair Mats for Low Pile Carpets,0.73,Central,Illinois,Belvidere,61008,6/27/2013,6/28/2013,-802.864,18,744.4,88938
20317,High,0.01,2.78,1.2,380,Marian Bryant,Regular Air,Corporate,Office Supplies,Pens & Art Supplies,Wrap Bag,Prang Drawing Pencil Set,0.58,Central,Illinois,Belvidere,61008,6/27/2013,6/28/2013,-3.248,2,6.12,88938
20318,High,0.07,155.99,3.9,380,Marian Bryant,Express Air,Corporate,Technology,Telephones and Communication,Small Box,T39m,0.55,Central,Illinois,Belvidere,61008,6/27/2013,6/29/2013,1565.3685,18,2268.65,88938
20013,Critical,0.09,170.98,60.49,380,Marian Bryant,Delivery Truck,Corporate,Furniture,Bookcases,Jumbo Box,"Sauder Facets Collection Library, Sky Alder Finish",0.69,Central,Illinois,Belvidere,61008,10/23/2013,10/25/2013,-1059.2,18,2832.68,88939
22401,Not Specified,0.07,415.88,11.37,381,Danielle Watts,Regular Air,Corporate,Office Supplies,Storage & Organization,Small Box,Deluxe Rollaway Locking File with Drawer,0.57,Central,Illinois,Bloomington,61701,5/1/2010,5/1/2010,-539.59,1,394.51,88929
22957,Not Specified,0.07,5.84,1.2,381,Danielle Watts,Regular Air,Corporate,Office Supplies,Pens & Art Supplies,Wrap Bag,Newell 312,0.55,Central,Illinois,Bloomington,61701,1/10/2012,1/10/2012,25.46,11,61.28,88933
22958,Not Specified,0.07,218.75,69.64,381,Danielle Watts,Delivery Truck,Corporate,Furniture,Tables,Jumbo Box,BoxOffice By Design Rectangular and Half-Moon Meeting Room Tables,0.77,Central,Illinois,Bloomington,61701,1/10/2012,1/12/2012,-1238.68188,8,1712.5,88933
23835,Not Specified,0,11.5,7.19,381,Danielle Watts,Regular Air,Corporate,Office Supplies,Binders and Binder Accessories,Small Box,Ibico Covers for Plastic or Wire Binding Elements,0.4,Central,Illinois,Bloomington,61701,7/21/2012,7/23/2012,-18.2505,1,18.92,88935
22687,High,0.06,5.18,2.04,381,Danielle Watts,Regular Air,Corporate,Office Supplies,Paper,Wrap Bag,Array® Memo Cubes,0.36,Central,Illinois,Bloomington,61701,7/31/2012,8/2/2012,11.94,7,35.14,88936
22688,High,0.04,17.24,3.26,381,Danielle Watts,Regular Air,Corporate,Office Supplies,"Scissors, Rulers and Trimmers",Small Pack,"Fiskars 8"" Scissors, 2/Pack",0.56,Central,Illinois,Bloomington,61701,7/31/2012,8/1/2012,47.3,6,103.31,88936
24991,High,0.04,107.53,5.81,381,Danielle Watts,Express Air,Corporate,Furniture,Office Furnishings,Medium Box,"Tenex Contemporary Contur Chairmats for Low and Medium Pile Carpet, Computer, 39"" x 49""",0.65,Central,Illinois,Bloomington,61701,11/19/2012,11/20/2012,761.1114,10,1103.06,88937
25042,High,0,20.98,8.83,382,Wesley Dudley,Regular Air,Corporate,Office Supplies,Binders and Binder Accessories,Small Box,Premium Transparent Presentation Covers by GBC,0.37,Central,Illinois,Bolingbrook,60440,5/25/2011,5/25/2011,-27.531,1,25.61,88930
25043,High,0.01,100.8,60,382,Wesley Dudley,Delivery Truck,Corporate,Furniture,Tables,Jumbo Drum,"Barricks 18"" x 48"" Non-Folding Utility Table with Bottom Storage Shelf",0.59,Central,Illinois,Bolingbrook,60440,5/25/2011,5/27/2011,-355.941,7,768.44,88930
